%YAML 1.1
%TAG !u! tag:unity3d.com,2011:
--- !u!29 &1
OcclusionCullingSettings:
  m_ObjectHideFlags: 0
  serializedVersion: 2
  m_OcclusionBakeSettings:
    smallestOccluder: 5
    smallestHole: 0.25
    backfaceThreshold: 100
  m_SceneGUID: 00000000000000000000000000000000
  m_OcclusionCullingData: {fileID: 0}
--- !u!104 &2
RenderSettings:
  m_ObjectHideFlags: 0
  serializedVersion: 9
  m_Fog: 0
  m_FogColor: {r: 0.5, g: 0.5, b: 0.5, a: 1}
  m_FogMode: 3
  m_FogDensity: 0.01
  m_LinearFogStart: 0
  m_LinearFogEnd: 300
  m_AmbientSkyColor: {r: 0.75735295, g: 0.75735295, b: 0.75735295, a: 1}
  m_AmbientEquatorColor: {r: 0.114, g: 0.125, b: 0.133, a: 1}
  m_AmbientGroundColor: {r: 0.047, g: 0.043, b: 0.035, a: 1}
  m_AmbientIntensity: 0.35
  m_AmbientMode: 3
  m_SubtractiveShadowColor: {r: 0.42, g: 0.478, b: 0.627, a: 1}
  m_SkyboxMaterial: {fileID: 10304, guid: 0000000000000000f000000000000000, type: 0}
  m_HaloStrength: 0.5
  m_FlareStrength: 1
  m_FlareFadeSpeed: 3
  m_HaloTexture: {fileID: 0}
  m_SpotCookie: {fileID: 10001, guid: 0000000000000000e000000000000000, type: 0}
  m_DefaultReflectionMode: 0
  m_DefaultReflectionResolution: 128
  m_ReflectionBounces: 1
  m_ReflectionIntensity: 1
  m_CustomReflection: {fileID: 0}
  m_Sun: {fileID: 0}
  m_IndirectSpecularColor: {r: 0.88078713, g: 0.9202927, b: 0.9519343, a: 1}
  m_UseRadianceAmbientProbe: 0
--- !u!157 &3
LightmapSettings:
  m_ObjectHideFlags: 0
  serializedVersion: 11
  m_GIWorkflowMode: 1
  m_GISettings:
    serializedVersion: 2
    m_BounceScale: 1
    m_IndirectOutputScale: 1
    m_AlbedoBoost: 1
    m_EnvironmentLightingMode: 0
    m_EnableBakedLightmaps: 0
    m_EnableRealtimeLightmaps: 1
  m_LightmapEditorSettings:
    serializedVersion: 12
    m_Resolution: 2
    m_BakeResolution: 40
    m_AtlasSize: 1024
    m_AO: 0
    m_AOMaxDistance: 1
    m_CompAOExponent: 1
    m_CompAOExponentDirect: 0
    m_ExtractAmbientOcclusion: 0
    m_Padding: 2
    m_LightmapParameters: {fileID: 0}
    m_LightmapsBakeMode: 1
    m_TextureCompression: 1
    m_FinalGather: 0
    m_FinalGatherFiltering: 1
    m_FinalGatherRayCount: 256
    m_ReflectionCompression: 2
    m_MixedBakeMode: 2
    m_BakeBackend: 0
    m_PVRSampling: 1
    m_PVRDirectSampleCount: 32
    m_PVRSampleCount: 500
    m_PVRBounces: 2
    m_PVREnvironmentSampleCount: 500
    m_PVREnvironmentReferencePointCount: 2048
    m_PVRFilteringMode: 2
    m_PVRDenoiserTypeDirect: 0
    m_PVRDenoiserTypeIndirect: 0
    m_PVRDenoiserTypeAO: 0
    m_PVRFilterTypeDirect: 0
    m_PVRFilterTypeIndirect: 0
    m_PVRFilterTypeAO: 0
    m_PVREnvironmentMIS: 0
    m_PVRCulling: 1
    m_PVRFilteringGaussRadiusDirect: 1
    m_PVRFilteringGaussRadiusIndirect: 5
    m_PVRFilteringGaussRadiusAO: 2
    m_PVRFilteringAtrousPositionSigmaDirect: 0.5
    m_PVRFilteringAtrousPositionSigmaIndirect: 2
    m_PVRFilteringAtrousPositionSigmaAO: 1
    m_ShowResolutionOverlay: 1
    m_ExportTrainingData: 0
  m_LightingDataAsset: {fileID: 112000002, guid: 217d9c8de39b5744f9fc71183e2f714f,
    type: 2}
  m_UseShadowmask: 1
--- !u!196 &4
NavMeshSettings:
  serializedVersion: 2
  m_ObjectHideFlags: 0
  m_BuildSettings:
    serializedVersion: 2
    agentTypeID: 0
    agentRadius: 0.5
    agentHeight: 2
    agentSlope: 45
    agentClimb: 0.4
    ledgeDropHeight: 0
    maxJumpAcrossDistance: 0
    minRegionArea: 2
    manualCellSize: 0
    cellSize: 0.16666667
    manualTileSize: 0
    tileSize: 256
    accuratePlacement: 0
    debug:
      m_Flags: 0
  m_NavMeshData: {fileID: 0}
--- !u!1 &27528718
GameObject:
  m_ObjectHideFlags: 0
  m_CorrespondingSourceObject: {fileID: 0}
  m_PrefabInstance: {fileID: 0}
  m_PrefabAsset: {fileID: 0}
  serializedVersion: 6
  m_Component:
  - component: {fileID: 27528719}
  - component: {fileID: 27528720}
  m_Layer: 0
  m_Name: Player Head Movement to Neck Translator
  m_TagString: Untagged
  m_Icon: {fileID: 0}
  m_NavMeshLayer: 0
  m_StaticEditorFlags: 0
  m_IsActive: 1
--- !u!4 &27528719
Transform:
  m_ObjectHideFlags: 0
  m_CorrespondingSourceObject: {fileID: 0}
  m_PrefabInstance: {fileID: 0}
  m_PrefabAsset: {fileID: 0}
  m_GameObject: {fileID: 27528718}
  m_LocalRotation: {x: 0, y: 0, z: 0, w: 1}
  m_LocalPosition: {x: 0, y: 0, z: 0}
  m_LocalScale: {x: 1, y: 1, z: 1}
  m_Children: []
  m_Father: {fileID: 179906522}
  m_RootOrder: 1
  m_LocalEulerAnglesHint: {x: 0, y: 0, z: 0}
--- !u!114 &27528720
MonoBehaviour:
  m_ObjectHideFlags: 0
  m_CorrespondingSourceObject: {fileID: 0}
  m_PrefabInstance: {fileID: 0}
  m_PrefabAsset: {fileID: 0}
  m_GameObject: {fileID: 27528718}
  m_Enabled: 1
  m_EditorHideFlags: 0
  m_Script: {fileID: 11500000, guid: 1942dfd72215cad479de9d171cf0ce45, type: 3}
  m_Name: 
  m_EditorClassIdentifier: 
  rotationSource: {fileID: 1290819674}
  targetTransform: {fileID: 1993612582}
  bodyTransform: {fileID: 1993612583}
  useBody: 0
  damping: 0.006
  MinHeadRotation: {x: 0, y: 0, z: 0}
  MaxHeadRotation: {x: 0, y: 0, z: 0}
--- !u!1 &126916930
GameObject:
  m_ObjectHideFlags: 0
  m_CorrespondingSourceObject: {fileID: 0}
  m_PrefabInstance: {fileID: 0}
  m_PrefabAsset: {fileID: 0}
  serializedVersion: 6
  m_Component:
  - component: {fileID: 126916934}
  - component: {fileID: 126916933}
  - component: {fileID: 126916932}
  - component: {fileID: 126916931}
  m_Layer: 8
  m_Name: SSFX_Volume
  m_TagString: Untagged
  m_Icon: {fileID: 0}
  m_NavMeshLayer: 0
  m_StaticEditorFlags: 0
  m_IsActive: 0
--- !u!65 &126916931
BoxCollider:
  m_ObjectHideFlags: 0
  m_CorrespondingSourceObject: {fileID: 0}
  m_PrefabInstance: {fileID: 0}
  m_PrefabAsset: {fileID: 0}
  m_GameObject: {fileID: 126916930}
  m_Material: {fileID: 0}
  m_IsTrigger: 0
  m_Enabled: 1
  serializedVersion: 2
  m_Size: {x: 1, y: 1, z: 1}
  m_Center: {x: 0, y: 0, z: 0}
--- !u!23 &126916932
MeshRenderer:
  m_ObjectHideFlags: 0
  m_CorrespondingSourceObject: {fileID: 0}
  m_PrefabInstance: {fileID: 0}
  m_PrefabAsset: {fileID: 0}
  m_GameObject: {fileID: 126916930}
  m_Enabled: 0
  m_CastShadows: 1
  m_ReceiveShadows: 1
  m_DynamicOccludee: 1
  m_MotionVectors: 1
  m_LightProbeUsage: 1
  m_ReflectionProbeUsage: 1
  m_RenderingLayerMask: 1
  m_RendererPriority: 0
  m_Materials:
  - {fileID: 10303, guid: 0000000000000000f000000000000000, type: 0}
  m_StaticBatchInfo:
    firstSubMesh: 0
    subMeshCount: 0
  m_StaticBatchRoot: {fileID: 0}
  m_ProbeAnchor: {fileID: 0}
  m_LightProbeVolumeOverride: {fileID: 0}
  m_ScaleInLightmap: 1
  m_PreserveUVs: 0
  m_IgnoreNormalsForChartDetection: 0
  m_ImportantGI: 0
  m_StitchLightmapSeams: 1
  m_SelectedEditorRenderState: 3
  m_MinimumChartSize: 4
  m_AutoUVMaxDistance: 0.5
  m_AutoUVMaxAngle: 89
  m_LightmapParameters: {fileID: 0}
  m_SortingLayerID: 0
  m_SortingLayer: 0
  m_SortingOrder: 0
--- !u!33 &126916933
MeshFilter:
  m_ObjectHideFlags: 0
  m_CorrespondingSourceObject: {fileID: 0}
  m_PrefabInstance: {fileID: 0}
  m_PrefabAsset: {fileID: 0}
  m_GameObject: {fileID: 126916930}
  m_Mesh: {fileID: 10202, guid: 0000000000000000e000000000000000, type: 0}
--- !u!4 &126916934
Transform:
  m_ObjectHideFlags: 0
  m_CorrespondingSourceObject: {fileID: 0}
  m_PrefabInstance: {fileID: 0}
  m_PrefabAsset: {fileID: 0}
  m_GameObject: {fileID: 126916930}
  m_LocalRotation: {x: -0.4094051, y: 0.47894034, z: -0.11190087, w: -0.76842815}
  m_LocalPosition: {x: -8.563884, y: 5.522945, z: 2.9824967}
  m_LocalScale: {x: 17.063911, y: 17.063911, z: 17.063915}
  m_Children: []
  m_Father: {fileID: 0}
  m_RootOrder: 7
  m_LocalEulerAnglesHint: {x: 53.351, y: 0, z: 0}
--- !u!1 &175713620
GameObject:
  m_ObjectHideFlags: 0
  m_CorrespondingSourceObject: {fileID: 0}
  m_PrefabInstance: {fileID: 0}
  m_PrefabAsset: {fileID: 0}
  serializedVersion: 6
  m_Component:
  - component: {fileID: 175713621}
  - component: {fileID: 175713622}
  m_Layer: 0
  m_Name: Otter_sense
  m_TagString: Untagged
  m_Icon: {fileID: 0}
  m_NavMeshLayer: 0
  m_StaticEditorFlags: 0
  m_IsActive: 1
--- !u!4 &175713621
Transform:
  m_ObjectHideFlags: 0
  m_CorrespondingSourceObject: {fileID: 0}
  m_PrefabInstance: {fileID: 0}
  m_PrefabAsset: {fileID: 0}
  m_GameObject: {fileID: 175713620}
  m_LocalRotation: {x: 0, y: 0, z: 0.7071068, w: 0.7071068}
  m_LocalPosition: {x: -2, y: 0.5, z: 0}
  m_LocalScale: {x: 1, y: 1, z: 1}
  m_Children: []
  m_Father: {fileID: 856124894}
  m_RootOrder: 0
  m_LocalEulerAnglesHint: {x: 0, y: 0, z: 90}
--- !u!212 &175713622
SpriteRenderer:
  m_ObjectHideFlags: 0
  m_CorrespondingSourceObject: {fileID: 0}
  m_PrefabInstance: {fileID: 0}
  m_PrefabAsset: {fileID: 0}
  m_GameObject: {fileID: 175713620}
  m_Enabled: 1
  m_CastShadows: 0
  m_ReceiveShadows: 0
  m_DynamicOccludee: 1
  m_MotionVectors: 1
  m_LightProbeUsage: 1
  m_ReflectionProbeUsage: 1
  m_RenderingLayerMask: 1
  m_RendererPriority: 0
  m_Materials:
  - {fileID: 10754, guid: 0000000000000000f000000000000000, type: 0}
  m_StaticBatchInfo:
    firstSubMesh: 0
    subMeshCount: 0
  m_StaticBatchRoot: {fileID: 0}
  m_ProbeAnchor: {fileID: 0}
  m_LightProbeVolumeOverride: {fileID: 0}
  m_ScaleInLightmap: 1
  m_PreserveUVs: 0
  m_IgnoreNormalsForChartDetection: 0
  m_ImportantGI: 0
  m_StitchLightmapSeams: 1
  m_SelectedEditorRenderState: 0
  m_MinimumChartSize: 4
  m_AutoUVMaxDistance: 0.5
  m_AutoUVMaxAngle: 89
  m_LightmapParameters: {fileID: 0}
  m_SortingLayerID: 0
  m_SortingLayer: 0
  m_SortingOrder: 0
  m_Sprite: {fileID: 21300000, guid: b2014bc1987092b43bbf5438581b3643, type: 3}
  m_Color: {r: 1, g: 1, b: 1, a: 0.3137255}
  m_FlipX: 0
  m_FlipY: 0
  m_DrawMode: 0
  m_Size: {x: 3.5, y: 2.73}
  m_AdaptiveModeThreshold: 0.5
  m_SpriteTileMode: 0
  m_WasSpriteAssigned: 1
  m_MaskInteraction: 0
  m_SpriteSortPoint: 0
--- !u!1 &179906521
GameObject:
  m_ObjectHideFlags: 0
  m_CorrespondingSourceObject: {fileID: 0}
  m_PrefabInstance: {fileID: 0}
  m_PrefabAsset: {fileID: 0}
  serializedVersion: 6
  m_Component:
  - component: {fileID: 179906522}
  m_Layer: 0
  m_Name: '[Rotation]'
  m_TagString: Untagged
  m_Icon: {fileID: 0}
  m_NavMeshLayer: 0
  m_StaticEditorFlags: 0
  m_IsActive: 1
--- !u!4 &179906522
Transform:
  m_ObjectHideFlags: 0
  m_CorrespondingSourceObject: {fileID: 0}
  m_PrefabInstance: {fileID: 0}
  m_PrefabAsset: {fileID: 0}
  m_GameObject: {fileID: 179906521}
  m_LocalRotation: {x: 0, y: 0, z: 0, w: 1}
  m_LocalPosition: {x: 0, y: 0, z: 0}
  m_LocalScale: {x: 1, y: 1, z: 1}
  m_Children:
  - {fileID: 1290819674}
  - {fileID: 27528719}
  m_Father: {fileID: 0}
  m_RootOrder: 6
  m_LocalEulerAnglesHint: {x: 0, y: 0, z: 0}
--- !u!1 &197769759
GameObject:
  m_ObjectHideFlags: 0
  m_CorrespondingSourceObject: {fileID: 0}
  m_PrefabInstance: {fileID: 0}
  m_PrefabAsset: {fileID: 0}
  serializedVersion: 6
  m_Component:
  - component: {fileID: 197769762}
  - component: {fileID: 197769761}
  - component: {fileID: 197769760}
  m_Layer: 0
  m_Name: EventSystem
  m_TagString: Untagged
  m_Icon: {fileID: 0}
  m_NavMeshLayer: 0
  m_StaticEditorFlags: 0
  m_IsActive: 1
--- !u!114 &197769760
MonoBehaviour:
  m_ObjectHideFlags: 0
  m_CorrespondingSourceObject: {fileID: 0}
  m_PrefabInstance: {fileID: 0}
  m_PrefabAsset: {fileID: 0}
  m_GameObject: {fileID: 197769759}
  m_Enabled: 1
  m_EditorHideFlags: 0
  m_Script: {fileID: 1077351063, guid: f70555f144d8491a825f0804e09c671c, type: 3}
  m_Name: 
  m_EditorClassIdentifier: 
  m_HorizontalAxis: Horizontal
  m_VerticalAxis: Vertical
  m_SubmitButton: Submit
  m_CancelButton: Cancel
  m_InputActionsPerSecond: 10
  m_RepeatDelay: 0.5
  m_ForceModuleActive: 0
--- !u!114 &197769761
MonoBehaviour:
  m_ObjectHideFlags: 0
  m_CorrespondingSourceObject: {fileID: 0}
  m_PrefabInstance: {fileID: 0}
  m_PrefabAsset: {fileID: 0}
  m_GameObject: {fileID: 197769759}
  m_Enabled: 1
  m_EditorHideFlags: 0
  m_Script: {fileID: -619905303, guid: f70555f144d8491a825f0804e09c671c, type: 3}
  m_Name: 
  m_EditorClassIdentifier: 
  m_FirstSelected: {fileID: 0}
  m_sendNavigationEvents: 1
  m_DragThreshold: 10
--- !u!4 &197769762
Transform:
  m_ObjectHideFlags: 0
  m_CorrespondingSourceObject: {fileID: 0}
  m_PrefabInstance: {fileID: 0}
  m_PrefabAsset: {fileID: 0}
  m_GameObject: {fileID: 197769759}
  m_LocalRotation: {x: 0, y: 0, z: 0, w: 1}
  m_LocalPosition: {x: 0, y: 0, z: 0}
  m_LocalScale: {x: 1, y: 1, z: 1}
  m_Children: []
  m_Father: {fileID: 0}
  m_RootOrder: 11
  m_LocalEulerAnglesHint: {x: 0, y: 0, z: 0}
--- !u!1001 &280684195
PrefabInstance:
  m_ObjectHideFlags: 0
  serializedVersion: 2
  m_Modification:
    m_TransformParent: {fileID: 1919712376}
    m_Modifications:
    - target: {fileID: 5402252575923491560, guid: 98231c4e83a595a46ab7749c6081b8dc,
        type: 3}
      propertyPath: m_Name
      value: '[BG_TILE]'
      objectReference: {fileID: 0}
    - target: {fileID: 1117487365179534091, guid: 98231c4e83a595a46ab7749c6081b8dc,
        type: 3}
      propertyPath: m_LocalPosition.y
      value: 1.06
      objectReference: {fileID: 0}
    - target: {fileID: 1117487365179534091, guid: 98231c4e83a595a46ab7749c6081b8dc,
        type: 3}
      propertyPath: m_LocalRotation.x
      value: -0.37018195
      objectReference: {fileID: 0}
    - target: {fileID: 1117487365179534091, guid: 98231c4e83a595a46ab7749c6081b8dc,
        type: 3}
      propertyPath: m_LocalRotation.y
      value: -0.7184615
      objectReference: {fileID: 0}
    - target: {fileID: 1117487365179534091, guid: 98231c4e83a595a46ab7749c6081b8dc,
        type: 3}
      propertyPath: m_LocalRotation.z
      value: 0.10516517
      objectReference: {fileID: 0}
    - target: {fileID: 1117487365179534091, guid: 98231c4e83a595a46ab7749c6081b8dc,
        type: 3}
      propertyPath: m_LocalRotation.w
      value: -0.57941246
      objectReference: {fileID: 0}
    - target: {fileID: 1117487365179534091, guid: 98231c4e83a595a46ab7749c6081b8dc,
        type: 3}
      propertyPath: m_LocalPosition.x
      value: 11.560382
      objectReference: {fileID: 0}
    - target: {fileID: 1117487365179534091, guid: 98231c4e83a595a46ab7749c6081b8dc,
        type: 3}
      propertyPath: m_LocalPosition.z
      value: -13.055072
      objectReference: {fileID: 0}
    - target: {fileID: 1117487365179534091, guid: 98231c4e83a595a46ab7749c6081b8dc,
        type: 3}
      propertyPath: m_LocalEulerAnglesHint.y
      value: -247.901
      objectReference: {fileID: 0}
    - target: {fileID: 1117487365461545088, guid: 98231c4e83a595a46ab7749c6081b8dc,
        type: 3}
      propertyPath: m_LocalRotation.x
      value: -0.51587164
      objectReference: {fileID: 0}
    - target: {fileID: 1117487365461545088, guid: 98231c4e83a595a46ab7749c6081b8dc,
        type: 3}
      propertyPath: m_LocalRotation.y
      value: -0.5193578
      objectReference: {fileID: 0}
    - target: {fileID: 1117487365461545088, guid: 98231c4e83a595a46ab7749c6081b8dc,
        type: 3}
      propertyPath: m_LocalRotation.z
      value: -0.48357165
      objectReference: {fileID: 0}
    - target: {fileID: 1117487365461545088, guid: 98231c4e83a595a46ab7749c6081b8dc,
        type: 3}
      propertyPath: m_LocalRotation.w
      value: 0.4798984
      objectReference: {fileID: 0}
    - target: {fileID: 1117487365461545088, guid: 98231c4e83a595a46ab7749c6081b8dc,
        type: 3}
      propertyPath: m_LocalPosition.x
      value: 16.967493
      objectReference: {fileID: 0}
    - target: {fileID: 1117487365461545088, guid: 98231c4e83a595a46ab7749c6081b8dc,
        type: 3}
      propertyPath: m_LocalPosition.z
      value: -15.37
      objectReference: {fileID: 0}
    - target: {fileID: 1117487365461545088, guid: 98231c4e83a595a46ab7749c6081b8dc,
        type: 3}
      propertyPath: m_LocalEulerAnglesHint.z
      value: 89.94401
      objectReference: {fileID: 0}
    - target: {fileID: 1117487365461545088, guid: 98231c4e83a595a46ab7749c6081b8dc,
        type: 3}
      propertyPath: m_LocalEulerAnglesHint.x
      value: -85.888
      objectReference: {fileID: 0}
    - target: {fileID: 1117487365461545088, guid: 98231c4e83a595a46ab7749c6081b8dc,
        type: 3}
      propertyPath: m_LocalPosition.y
      value: 8.19
      objectReference: {fileID: 0}
    - target: {fileID: 1117487365461545088, guid: 98231c4e83a595a46ab7749c6081b8dc,
        type: 3}
      propertyPath: m_LocalEulerAnglesHint.y
      value: -180.355
      objectReference: {fileID: 0}
    - target: {fileID: 1117487366037541213, guid: 98231c4e83a595a46ab7749c6081b8dc,
        type: 3}
      propertyPath: m_LocalRotation.x
      value: 0.9953995
      objectReference: {fileID: 0}
    - target: {fileID: 1117487366037541213, guid: 98231c4e83a595a46ab7749c6081b8dc,
        type: 3}
      propertyPath: m_LocalRotation.y
      value: 0.09581217
      objectReference: {fileID: 0}
    - target: {fileID: 1117487366037541213, guid: 98231c4e83a595a46ab7749c6081b8dc,
        type: 3}
      propertyPath: m_LocalPosition.x
      value: -0.74
      objectReference: {fileID: 0}
    - target: {fileID: 1117487366037541213, guid: 98231c4e83a595a46ab7749c6081b8dc,
        type: 3}
      propertyPath: m_LocalPosition.y
      value: -4.44
      objectReference: {fileID: 0}
    - target: {fileID: 1117487366037541213, guid: 98231c4e83a595a46ab7749c6081b8dc,
        type: 3}
      propertyPath: m_LocalEulerAnglesHint.x
      value: -180
      objectReference: {fileID: 0}
    - target: {fileID: 1117487366037541213, guid: 98231c4e83a595a46ab7749c6081b8dc,
        type: 3}
      propertyPath: m_LocalEulerAnglesHint.z
      value: -10.995972
      objectReference: {fileID: 0}
    - target: {fileID: 1117487366284627891, guid: 98231c4e83a595a46ab7749c6081b8dc,
        type: 3}
      propertyPath: m_LocalRotation.z
      value: -0.9953995
      objectReference: {fileID: 0}
    - target: {fileID: 1117487366284627891, guid: 98231c4e83a595a46ab7749c6081b8dc,
        type: 3}
      propertyPath: m_LocalRotation.w
      value: 0.09581217
      objectReference: {fileID: 0}
    - target: {fileID: 1117487366284627891, guid: 98231c4e83a595a46ab7749c6081b8dc,
        type: 3}
      propertyPath: m_LocalPosition.x
      value: -0.74
      objectReference: {fileID: 0}
    - target: {fileID: 1117487366284627891, guid: 98231c4e83a595a46ab7749c6081b8dc,
        type: 3}
      propertyPath: m_LocalPosition.y
      value: -4.4399996
      objectReference: {fileID: 0}
    - target: {fileID: 1117487366284627891, guid: 98231c4e83a595a46ab7749c6081b8dc,
        type: 3}
      propertyPath: m_LocalEulerAnglesHint.z
      value: -169.00401
      objectReference: {fileID: 0}
    - target: {fileID: 1117487367021538660, guid: 98231c4e83a595a46ab7749c6081b8dc,
        type: 3}
      propertyPath: m_LocalPosition.x
      value: 5.57
      objectReference: {fileID: 0}
    - target: {fileID: 1117487367021538660, guid: 98231c4e83a595a46ab7749c6081b8dc,
        type: 3}
      propertyPath: m_LocalPosition.z
      value: 11.56
      objectReference: {fileID: 0}
    - target: {fileID: 1117487367021538660, guid: 98231c4e83a595a46ab7749c6081b8dc,
        type: 3}
      propertyPath: m_LocalPosition.y
      value: 11.31
      objectReference: {fileID: 0}
    - target: {fileID: 1117487367200888270, guid: 98231c4e83a595a46ab7749c6081b8dc,
        type: 3}
      propertyPath: m_LocalPosition.z
      value: -14.19
      objectReference: {fileID: 0}
    - target: {fileID: 4168438856985518046, guid: 98231c4e83a595a46ab7749c6081b8dc,
        type: 3}
      propertyPath: m_IsActive
      value: 0
      objectReference: {fileID: 0}
    - target: {fileID: 5402252575923491561, guid: 98231c4e83a595a46ab7749c6081b8dc,
        type: 3}
      propertyPath: m_LocalPosition.x
      value: 0.4300003
      objectReference: {fileID: 0}
    - target: {fileID: 5402252575923491561, guid: 98231c4e83a595a46ab7749c6081b8dc,
        type: 3}
      propertyPath: m_LocalPosition.y
      value: -6.71
      objectReference: {fileID: 0}
    - target: {fileID: 5402252575923491561, guid: 98231c4e83a595a46ab7749c6081b8dc,
        type: 3}
      propertyPath: m_LocalPosition.z
      value: 5.472389
      objectReference: {fileID: 0}
    - target: {fileID: 5402252575923491561, guid: 98231c4e83a595a46ab7749c6081b8dc,
        type: 3}
      propertyPath: m_LocalRotation.x
      value: -0
      objectReference: {fileID: 0}
    - target: {fileID: 5402252575923491561, guid: 98231c4e83a595a46ab7749c6081b8dc,
        type: 3}
      propertyPath: m_LocalRotation.y
      value: -0
      objectReference: {fileID: 0}
    - target: {fileID: 5402252575923491561, guid: 98231c4e83a595a46ab7749c6081b8dc,
        type: 3}
      propertyPath: m_LocalRotation.z
      value: -0
      objectReference: {fileID: 0}
    - target: {fileID: 5402252575923491561, guid: 98231c4e83a595a46ab7749c6081b8dc,
        type: 3}
      propertyPath: m_LocalRotation.w
      value: 1
      objectReference: {fileID: 0}
    - target: {fileID: 5402252575923491561, guid: 98231c4e83a595a46ab7749c6081b8dc,
        type: 3}
      propertyPath: m_RootOrder
      value: 6
      objectReference: {fileID: 0}
    - target: {fileID: 5402252575923491561, guid: 98231c4e83a595a46ab7749c6081b8dc,
        type: 3}
      propertyPath: m_LocalEulerAnglesHint.x
      value: 0
      objectReference: {fileID: 0}
    - target: {fileID: 5402252575923491561, guid: 98231c4e83a595a46ab7749c6081b8dc,
        type: 3}
      propertyPath: m_LocalEulerAnglesHint.y
      value: 0
      objectReference: {fileID: 0}
    - target: {fileID: 5402252575923491561, guid: 98231c4e83a595a46ab7749c6081b8dc,
        type: 3}
      propertyPath: m_LocalEulerAnglesHint.z
      value: 0
      objectReference: {fileID: 0}
    m_RemovedComponents: []
  m_SourcePrefab: {fileID: 100100000, guid: 98231c4e83a595a46ab7749c6081b8dc, type: 3}
--- !u!4 &280684196 stripped
Transform:
  m_CorrespondingSourceObject: {fileID: 5402252575923491561, guid: 98231c4e83a595a46ab7749c6081b8dc,
    type: 3}
  m_PrefabInstance: {fileID: 280684195}
  m_PrefabAsset: {fileID: 0}
--- !u!1 &438047842
GameObject:
  m_ObjectHideFlags: 0
  m_CorrespondingSourceObject: {fileID: 0}
  m_PrefabInstance: {fileID: 0}
  m_PrefabAsset: {fileID: 0}
  serializedVersion: 6
  m_Component:
  - component: {fileID: 438047843}
  - component: {fileID: 438047844}
  m_Layer: 0
  m_Name: fill light (2)
  m_TagString: Untagged
  m_Icon: {fileID: 0}
  m_NavMeshLayer: 0
  m_StaticEditorFlags: 0
  m_IsActive: 1
--- !u!4 &438047843
Transform:
  m_ObjectHideFlags: 0
  m_CorrespondingSourceObject: {fileID: 0}
  m_PrefabInstance: {fileID: 0}
  m_PrefabAsset: {fileID: 0}
  m_GameObject: {fileID: 438047842}
  m_LocalRotation: {x: 0.18964075, y: 0.82144356, z: -0.04573308, w: 0.5358875}
  m_LocalPosition: {x: 5.819456, y: -2.4956825, z: -5.4034166}
  m_LocalScale: {x: 0.8857723, y: 0.88577205, z: 0.8857719}
  m_Children: []
  m_Father: {fileID: 1919712376}
  m_RootOrder: 2
  m_LocalEulerAnglesHint: {x: 57.324, y: 64.831, z: 73.248}
--- !u!108 &438047844
Light:
  m_ObjectHideFlags: 0
  m_CorrespondingSourceObject: {fileID: 0}
  m_PrefabInstance: {fileID: 0}
  m_PrefabAsset: {fileID: 0}
  m_GameObject: {fileID: 438047842}
  m_Enabled: 1
  serializedVersion: 9
  m_Type: 2
  m_Color: {r: 1, g: 0.7213189, b: 0.6367924, a: 1}
  m_Intensity: 2.42
  m_Range: 4.854008
  m_SpotAngle: 30
  m_InnerSpotAngle: 21.80208
  m_CookieSize: 10
  m_Shadows:
    m_Type: 2
    m_Resolution: -1
    m_CustomResolution: -1
    m_Strength: 0.414
    m_Bias: 0
    m_NormalBias: 0
    m_NearPlane: 0.1
    m_CullingMatrixOverride:
      e00: 1
      e01: 0
      e02: 0
      e03: 0
      e10: 0
      e11: 1
      e12: 0
      e13: 0
      e20: 0
      e21: 0
      e22: 1
      e23: 0
      e30: 0
      e31: 0
      e32: 0
      e33: 1
    m_UseCullingMatrixOverride: 0
  m_Cookie: {fileID: 0}
  m_DrawHalo: 0
  m_Flare: {fileID: 0}
  m_RenderMode: 0
  m_CullingMask:
    serializedVersion: 2
    m_Bits: 4294967295
  m_RenderingLayerMask: 1
  m_Lightmapping: 4
  m_LightShadowCasterMode: 0
  m_AreaSize: {x: 1, y: 1}
  m_BounceIntensity: 1
  m_ColorTemperature: 6570
  m_UseColorTemperature: 0
  m_BoundingSphereOverride: {x: 0, y: 0, z: 0, w: 0}
  m_UseBoundingSphereOverride: 0
  m_ShadowRadius: 0
  m_ShadowAngle: 0
--- !u!1001 &497399642
PrefabInstance:
  m_ObjectHideFlags: 0
  serializedVersion: 2
  m_Modification:
    m_TransformParent: {fileID: 0}
    m_Modifications:
    - target: {fileID: 1021927472768850, guid: 7b5430c2fb60d4646ad61034cab5b37e, type: 3}
      propertyPath: m_IsActive
      value: 0
      objectReference: {fileID: 0}
    - target: {fileID: 224703096920257280, guid: 7b5430c2fb60d4646ad61034cab5b37e,
        type: 3}
      propertyPath: m_LocalPosition.x
      value: 0
      objectReference: {fileID: 0}
    - target: {fileID: 224703096920257280, guid: 7b5430c2fb60d4646ad61034cab5b37e,
        type: 3}
      propertyPath: m_LocalPosition.y
      value: 0
      objectReference: {fileID: 0}
    - target: {fileID: 224703096920257280, guid: 7b5430c2fb60d4646ad61034cab5b37e,
        type: 3}
      propertyPath: m_LocalPosition.z
      value: 0
      objectReference: {fileID: 0}
    - target: {fileID: 224703096920257280, guid: 7b5430c2fb60d4646ad61034cab5b37e,
        type: 3}
      propertyPath: m_LocalRotation.x
      value: 0
      objectReference: {fileID: 0}
    - target: {fileID: 224703096920257280, guid: 7b5430c2fb60d4646ad61034cab5b37e,
        type: 3}
      propertyPath: m_LocalRotation.y
      value: 0
      objectReference: {fileID: 0}
    - target: {fileID: 224703096920257280, guid: 7b5430c2fb60d4646ad61034cab5b37e,
        type: 3}
      propertyPath: m_LocalRotation.z
      value: 0
      objectReference: {fileID: 0}
    - target: {fileID: 224703096920257280, guid: 7b5430c2fb60d4646ad61034cab5b37e,
        type: 3}
      propertyPath: m_LocalRotation.w
      value: 1
      objectReference: {fileID: 0}
    - target: {fileID: 224703096920257280, guid: 7b5430c2fb60d4646ad61034cab5b37e,
        type: 3}
      propertyPath: m_RootOrder
      value: 1
      objectReference: {fileID: 0}
    - target: {fileID: 224703096920257280, guid: 7b5430c2fb60d4646ad61034cab5b37e,
        type: 3}
      propertyPath: m_AnchoredPosition.x
      value: 0
      objectReference: {fileID: 0}
    - target: {fileID: 224703096920257280, guid: 7b5430c2fb60d4646ad61034cab5b37e,
        type: 3}
      propertyPath: m_AnchoredPosition.y
      value: 0
      objectReference: {fileID: 0}
    - target: {fileID: 224703096920257280, guid: 7b5430c2fb60d4646ad61034cab5b37e,
        type: 3}
      propertyPath: m_SizeDelta.x
      value: 0
      objectReference: {fileID: 0}
    - target: {fileID: 224703096920257280, guid: 7b5430c2fb60d4646ad61034cab5b37e,
        type: 3}
      propertyPath: m_SizeDelta.y
      value: 0
      objectReference: {fileID: 0}
    - target: {fileID: 224703096920257280, guid: 7b5430c2fb60d4646ad61034cab5b37e,
        type: 3}
      propertyPath: m_AnchorMin.x
      value: 0
      objectReference: {fileID: 0}
    - target: {fileID: 224703096920257280, guid: 7b5430c2fb60d4646ad61034cab5b37e,
        type: 3}
      propertyPath: m_AnchorMin.y
      value: 0
      objectReference: {fileID: 0}
    - target: {fileID: 224703096920257280, guid: 7b5430c2fb60d4646ad61034cab5b37e,
        type: 3}
      propertyPath: m_AnchorMax.x
      value: 0
      objectReference: {fileID: 0}
    - target: {fileID: 224703096920257280, guid: 7b5430c2fb60d4646ad61034cab5b37e,
        type: 3}
      propertyPath: m_AnchorMax.y
      value: 0
      objectReference: {fileID: 0}
    - target: {fileID: 224703096920257280, guid: 7b5430c2fb60d4646ad61034cab5b37e,
        type: 3}
      propertyPath: m_Pivot.x
      value: 0
      objectReference: {fileID: 0}
    - target: {fileID: 224703096920257280, guid: 7b5430c2fb60d4646ad61034cab5b37e,
        type: 3}
      propertyPath: m_Pivot.y
      value: 0
      objectReference: {fileID: 0}
    - target: {fileID: 225801798147855342, guid: 7b5430c2fb60d4646ad61034cab5b37e,
        type: 3}
      propertyPath: m_Alpha
      value: 1
      objectReference: {fileID: 0}
    - target: {fileID: 114336195885249614, guid: 7b5430c2fb60d4646ad61034cab5b37e,
        type: 3}
      propertyPath: _advancedDemoController
      value: 
      objectReference: {fileID: 0}
    - target: {fileID: 114047820172600124, guid: 7b5430c2fb60d4646ad61034cab5b37e,
        type: 3}
      propertyPath: m_Text
      value: "Please look forward \nand remain still..."
      objectReference: {fileID: 0}
    - target: {fileID: 224467034126792670, guid: 7b5430c2fb60d4646ad61034cab5b37e,
        type: 3}
      propertyPath: m_AnchorMin.x
      value: 0.1
      objectReference: {fileID: 0}
    - target: {fileID: 224467034126792670, guid: 7b5430c2fb60d4646ad61034cab5b37e,
        type: 3}
      propertyPath: m_AnchorMax.x
      value: 0.9
      objectReference: {fileID: 0}
    m_RemovedComponents:
    - {fileID: 114336195885249614, guid: 7b5430c2fb60d4646ad61034cab5b37e, type: 3}
  m_SourcePrefab: {fileID: 100100000, guid: 7b5430c2fb60d4646ad61034cab5b37e, type: 3}
--- !u!1 &497399643 stripped
GameObject:
  m_CorrespondingSourceObject: {fileID: 1021927472768850, guid: 7b5430c2fb60d4646ad61034cab5b37e,
    type: 3}
  m_PrefabInstance: {fileID: 497399642}
  m_PrefabAsset: {fileID: 0}
--- !u!114 &497399644 stripped
MonoBehaviour:
  m_CorrespondingSourceObject: {fileID: 114047820172600124, guid: 7b5430c2fb60d4646ad61034cab5b37e,
    type: 3}
  m_PrefabInstance: {fileID: 497399642}
  m_PrefabAsset: {fileID: 0}
  m_GameObject: {fileID: 0}
  m_Enabled: 1
  m_EditorHideFlags: 0
  m_Script: {fileID: 708705254, guid: f70555f144d8491a825f0804e09c671c, type: 3}
  m_Name: 
  m_EditorClassIdentifier: 
--- !u!225 &497399645 stripped
CanvasGroup:
  m_CorrespondingSourceObject: {fileID: 225801798147855342, guid: 7b5430c2fb60d4646ad61034cab5b37e,
    type: 3}
  m_PrefabInstance: {fileID: 497399642}
  m_PrefabAsset: {fileID: 0}
--- !u!223 &497399646 stripped
Canvas:
  m_CorrespondingSourceObject: {fileID: 223804284337346360, guid: 7b5430c2fb60d4646ad61034cab5b37e,
    type: 3}
  m_PrefabInstance: {fileID: 497399642}
  m_PrefabAsset: {fileID: 0}
--- !u!114 &497399647
MonoBehaviour:
  m_ObjectHideFlags: 0
  m_CorrespondingSourceObject: {fileID: 0}
  m_PrefabInstance: {fileID: 0}
  m_PrefabAsset: {fileID: 0}
  m_GameObject: {fileID: 497399643}
  m_Enabled: 1
  m_EditorHideFlags: 0
  m_Script: {fileID: 11500000, guid: cf64c843be581174a8345ad49d9af8b4, type: 3}
  m_Name: 
  m_EditorClassIdentifier: 
  characterController: {fileID: 1561135823}
  _canvas: {fileID: 497399646}
  _panelCanvasGroup: {fileID: 497399645}
  _labelText: {fileID: 497399644}
  _fadeDuration: 0.66
--- !u!1 &764752371
GameObject:
  m_ObjectHideFlags: 0
  m_CorrespondingSourceObject: {fileID: 0}
  m_PrefabInstance: {fileID: 0}
  m_PrefabAsset: {fileID: 0}
  serializedVersion: 6
  m_Component:
  - component: {fileID: 764752372}
  - component: {fileID: 764752373}
  m_Layer: 0
  m_Name: Directional Light
  m_TagString: Untagged
  m_Icon: {fileID: 0}
  m_NavMeshLayer: 0
  m_StaticEditorFlags: 0
  m_IsActive: 1
--- !u!4 &764752372
Transform:
  m_ObjectHideFlags: 0
  m_CorrespondingSourceObject: {fileID: 0}
  m_PrefabInstance: {fileID: 0}
  m_PrefabAsset: {fileID: 0}
  m_GameObject: {fileID: 764752371}
  m_LocalRotation: {x: 0.45113942, y: 0.74469656, z: 0.04043659, w: 0.49016848}
  m_LocalPosition: {x: 3.9163723, y: -0.91, z: -2.8827214}
  m_LocalScale: {x: 0.8857721, y: 0.88577175, z: 0.88577205}
  m_Children: []
  m_Father: {fileID: 1919712376}
  m_RootOrder: 7
  m_LocalEulerAnglesHint: {x: 22.460001, y: 123.95701, z: 50.351}
--- !u!108 &764752373
Light:
  m_ObjectHideFlags: 0
  m_CorrespondingSourceObject: {fileID: 0}
  m_PrefabInstance: {fileID: 0}
  m_PrefabAsset: {fileID: 0}
  m_GameObject: {fileID: 764752371}
  m_Enabled: 1
  serializedVersion: 9
  m_Type: 1
  m_Color: {r: 1, g: 0.95837086, b: 0.6839622, a: 1}
  m_Intensity: 1.16
  m_Range: 10
  m_SpotAngle: 30
  m_InnerSpotAngle: 21.80208
  m_CookieSize: 10
  m_Shadows:
    m_Type: 2
    m_Resolution: -1
    m_CustomResolution: -1
    m_Strength: 0.461
    m_Bias: 0
    m_NormalBias: 0
    m_NearPlane: 0.1
    m_CullingMatrixOverride:
      e00: 1
      e01: 0
      e02: 0
      e03: 0
      e10: 0
      e11: 1
      e12: 0
      e13: 0
      e20: 0
      e21: 0
      e22: 1
      e23: 0
      e30: 0
      e31: 0
      e32: 0
      e33: 1
    m_UseCullingMatrixOverride: 0
  m_Cookie: {fileID: 0}
  m_DrawHalo: 0
  m_Flare: {fileID: 0}
  m_RenderMode: 0
  m_CullingMask:
    serializedVersion: 2
    m_Bits: 4294967295
  m_RenderingLayerMask: 1
  m_Lightmapping: 4
  m_LightShadowCasterMode: 0
  m_AreaSize: {x: 1, y: 1}
  m_BounceIntensity: 1
  m_ColorTemperature: 6570
  m_UseColorTemperature: 0
  m_BoundingSphereOverride: {x: 0, y: 0, z: 0, w: 0}
  m_UseBoundingSphereOverride: 0
  m_ShadowRadius: 0
  m_ShadowAngle: 0
--- !u!1001 &816701512
PrefabInstance:
  m_ObjectHideFlags: 0
  serializedVersion: 2
  m_Modification:
    m_TransformParent: {fileID: 1919712376}
    m_Modifications:
    - target: {fileID: -927199367670048503, guid: 45236449638453c4cbb7ec6e7433e83e,
        type: 3}
      propertyPath: m_Name
      value: Starfish (1)
      objectReference: {fileID: 0}
    - target: {fileID: -4216859302048453862, guid: 45236449638453c4cbb7ec6e7433e83e,
        type: 3}
      propertyPath: m_LocalPosition.x
      value: 3.57
      objectReference: {fileID: 0}
    - target: {fileID: -4216859302048453862, guid: 45236449638453c4cbb7ec6e7433e83e,
        type: 3}
      propertyPath: m_LocalPosition.y
      value: -5.26
      objectReference: {fileID: 0}
    - target: {fileID: -4216859302048453862, guid: 45236449638453c4cbb7ec6e7433e83e,
        type: 3}
      propertyPath: m_LocalPosition.z
      value: -6.44
      objectReference: {fileID: 0}
    - target: {fileID: -4216859302048453862, guid: 45236449638453c4cbb7ec6e7433e83e,
        type: 3}
      propertyPath: m_LocalRotation.x
      value: -0
      objectReference: {fileID: 0}
    - target: {fileID: -4216859302048453862, guid: 45236449638453c4cbb7ec6e7433e83e,
        type: 3}
      propertyPath: m_LocalRotation.y
      value: 0.7071068
      objectReference: {fileID: 0}
    - target: {fileID: -4216859302048453862, guid: 45236449638453c4cbb7ec6e7433e83e,
        type: 3}
      propertyPath: m_LocalRotation.z
      value: 0.7071068
      objectReference: {fileID: 0}
    - target: {fileID: -4216859302048453862, guid: 45236449638453c4cbb7ec6e7433e83e,
        type: 3}
      propertyPath: m_LocalRotation.w
      value: 0
      objectReference: {fileID: 0}
    - target: {fileID: -4216859302048453862, guid: 45236449638453c4cbb7ec6e7433e83e,
        type: 3}
      propertyPath: m_RootOrder
      value: 3
      objectReference: {fileID: 0}
    - target: {fileID: -4216859302048453862, guid: 45236449638453c4cbb7ec6e7433e83e,
        type: 3}
      propertyPath: m_LocalEulerAnglesHint.x
      value: -90.00001
      objectReference: {fileID: 0}
    - target: {fileID: -4216859302048453862, guid: 45236449638453c4cbb7ec6e7433e83e,
        type: 3}
      propertyPath: m_LocalEulerAnglesHint.y
      value: 0
      objectReference: {fileID: 0}
    - target: {fileID: -4216859302048453862, guid: 45236449638453c4cbb7ec6e7433e83e,
        type: 3}
      propertyPath: m_LocalEulerAnglesHint.z
      value: 180
      objectReference: {fileID: 0}
    - target: {fileID: -4216859302048453862, guid: 45236449638453c4cbb7ec6e7433e83e,
        type: 3}
      propertyPath: m_LocalScale.x
      value: 100.00009
      objectReference: {fileID: 0}
    - target: {fileID: -4216859302048453862, guid: 45236449638453c4cbb7ec6e7433e83e,
        type: 3}
      propertyPath: m_LocalScale.y
      value: 100.00006
      objectReference: {fileID: 0}
    - target: {fileID: -4216859302048453862, guid: 45236449638453c4cbb7ec6e7433e83e,
        type: 3}
      propertyPath: m_LocalScale.z
      value: 100.00006
      objectReference: {fileID: 0}
    - target: {fileID: -1504981713932161579, guid: 45236449638453c4cbb7ec6e7433e83e,
        type: 3}
      propertyPath: m_Materials.Array.data[0]
      value: 
      objectReference: {fileID: 2100000, guid: d4d899b18ddafd4438f0893e4d8e40a4, type: 2}
    m_RemovedComponents: []
  m_SourcePrefab: {fileID: 100100000, guid: 45236449638453c4cbb7ec6e7433e83e, type: 3}
--- !u!4 &816701513 stripped
Transform:
  m_CorrespondingSourceObject: {fileID: -4216859302048453862, guid: 45236449638453c4cbb7ec6e7433e83e,
    type: 3}
  m_PrefabInstance: {fileID: 816701512}
  m_PrefabAsset: {fileID: 0}
--- !u!1 &856124893
GameObject:
  m_ObjectHideFlags: 0
  m_CorrespondingSourceObject: {fileID: 0}
  m_PrefabInstance: {fileID: 0}
  m_PrefabAsset: {fileID: 0}
  serializedVersion: 6
  m_Component:
  - component: {fileID: 856124894}
  - component: {fileID: 856124895}
  - component: {fileID: 856124896}
  m_Layer: 0
  m_Name: OtterSense
  m_TagString: Untagged
  m_Icon: {fileID: 0}
  m_NavMeshLayer: 0
  m_StaticEditorFlags: 0
  m_IsActive: 1
--- !u!4 &856124894
Transform:
  m_ObjectHideFlags: 0
  m_CorrespondingSourceObject: {fileID: 0}
  m_PrefabInstance: {fileID: 0}
  m_PrefabAsset: {fileID: 0}
  m_GameObject: {fileID: 856124893}
  m_LocalRotation: {x: 0.03084857, y: 0.9918159, z: 0.0527149, w: -0.11211921}
  m_LocalPosition: {x: 1.4728898, y: -0.30369544, z: 3.5146873}
  m_LocalScale: {x: -0.8857731, y: 0.88577175, z: 0.8857732}
  m_Children:
  - {fileID: 175713621}
  - {fileID: 1964424063}
  m_Father: {fileID: 0}
  m_RootOrder: 8
  m_LocalEulerAnglesHint: {x: 0, y: 16.98, z: 0}
--- !u!114 &856124895
MonoBehaviour:
  m_ObjectHideFlags: 0
  m_CorrespondingSourceObject: {fileID: 0}
  m_PrefabInstance: {fileID: 0}
  m_PrefabAsset: {fileID: 0}
  m_GameObject: {fileID: 856124893}
  m_Enabled: 1
  m_EditorHideFlags: 0
  m_Script: {fileID: 11500000, guid: ebcd701a9b425834fa4fa54327da9486, type: 3}
  m_Name: 
  m_EditorClassIdentifier: 
  followTransform: {fileID: 1953367359}
  normalCurve:
    serializedVersion: 2
    m_Curve:
    - serializedVersion: 3
      time: 0
      value: -1
      inSlope: 4
      outSlope: 4
      tangentMode: 0
      weightedMode: 0
      inWeight: 0.33333334
      outWeight: 0.33333334
    - serializedVersion: 3
      time: 0.5
      value: 1
      inSlope: 0
      outSlope: 0
      tangentMode: 0
      weightedMode: 0
      inWeight: 0.33333334
      outWeight: 0.33333334
    - serializedVersion: 3
      time: 1
      value: -1
      inSlope: -4
      outSlope: -4
      tangentMode: 0
      weightedMode: 0
      inWeight: 0.33333334
      outWeight: 0.33333334
    m_PreInfinity: 1
    m_PostInfinity: 1
    m_RotationOrder: 4
  maxWaggleDegrees: 8
  maxWaggleSize: 0.1
  frequency: 0.88234
--- !u!81 &856124896
AudioListener:
  m_ObjectHideFlags: 0
  m_CorrespondingSourceObject: {fileID: 0}
  m_PrefabInstance: {fileID: 0}
  m_PrefabAsset: {fileID: 0}
  m_GameObject: {fileID: 856124893}
  m_Enabled: 1
--- !u!1 &961401281
GameObject:
  m_ObjectHideFlags: 0
  m_CorrespondingSourceObject: {fileID: 0}
  m_PrefabInstance: {fileID: 0}
  m_PrefabAsset: {fileID: 0}
  serializedVersion: 6
  m_Component:
  - component: {fileID: 961401285}
  - component: {fileID: 961401284}
  - component: {fileID: 961401283}
  - component: {fileID: 961401286}
  m_Layer: 0
  m_Name: Main Camera
  m_TagString: MainCamera
  m_Icon: {fileID: 0}
  m_NavMeshLayer: 0
  m_StaticEditorFlags: 0
  m_IsActive: 1
--- !u!124 &961401283
Behaviour:
  m_ObjectHideFlags: 0
  m_CorrespondingSourceObject: {fileID: 0}
  m_PrefabInstance: {fileID: 0}
  m_PrefabAsset: {fileID: 0}
  m_GameObject: {fileID: 961401281}
  m_Enabled: 1
--- !u!20 &961401284
Camera:
  m_ObjectHideFlags: 0
  m_CorrespondingSourceObject: {fileID: 0}
  m_PrefabInstance: {fileID: 0}
  m_PrefabAsset: {fileID: 0}
  m_GameObject: {fileID: 961401281}
  m_Enabled: 1
  serializedVersion: 2
  m_ClearFlags: 1
  m_BackGroundColor: {r: 0, g: 0.046015635, b: 0.3207547, a: 0}
  m_projectionMatrixMode: 1
  m_GateFitMode: 2
  m_FOVAxisMode: 0
  m_SensorSize: {x: 36, y: 24}
  m_LensShift: {x: 0, y: 0}
  m_FocalLength: 50
  m_NormalizedViewPortRect:
    serializedVersion: 2
    x: 0
    y: 0
    width: 1
    height: 1
  near clip plane: 0.3
  far clip plane: 1000
  field of view: 60
  orthographic: 0
  orthographic size: 5
  m_Depth: 1
  m_CullingMask:
    serializedVersion: 2
    m_Bits: 4294967295
  m_RenderingPath: -1
  m_TargetTexture: {fileID: 0}
  m_TargetDisplay: 0
  m_TargetEye: 3
  m_HDR: 1
  m_AllowMSAA: 1
  m_AllowDynamicResolution: 0
  m_ForceIntoRT: 0
  m_OcclusionCulling: 1
  m_StereoConvergence: 10
  m_StereoSeparation: 0.022
--- !u!4 &961401285
Transform:
  m_ObjectHideFlags: 0
  m_CorrespondingSourceObject: {fileID: 0}
  m_PrefabInstance: {fileID: 0}
  m_PrefabAsset: {fileID: 0}
  m_GameObject: {fileID: 961401281}
  m_LocalRotation: {x: 0, y: 0, z: 0, w: 1}
  m_LocalPosition: {x: 0, y: 0, z: -2}
  m_LocalScale: {x: 1, y: 1, z: 1}
  m_Children: []
  m_Father: {fileID: 0}
  m_RootOrder: 0
  m_LocalEulerAnglesHint: {x: 0, y: 0, z: 0}
--- !u!114 &961401286
MonoBehaviour:
  m_ObjectHideFlags: 0
  m_CorrespondingSourceObject: {fileID: 0}
  m_PrefabInstance: {fileID: 0}
  m_PrefabAsset: {fileID: 0}
  m_GameObject: {fileID: 961401281}
  m_Enabled: 0
  m_EditorHideFlags: 0
  m_Script: {fileID: 11500000, guid: a5e3cfec4a7d4bb4bc0623ff66da3582, type: 3}
  m_Name: 
  m_EditorClassIdentifier: 
  _distance: 2
  _elevation: 15
  _cdRatio: 180
--- !u!1001 &966573059
PrefabInstance:
  m_ObjectHideFlags: 0
  serializedVersion: 2
  m_Modification:
    m_TransformParent: {fileID: 1919712376}
    m_Modifications:
    - target: {fileID: -927199367670048503, guid: 45236449638453c4cbb7ec6e7433e83e,
        type: 3}
      propertyPath: m_Name
      value: Starfish
      objectReference: {fileID: 0}
    - target: {fileID: -4216859302048453862, guid: 45236449638453c4cbb7ec6e7433e83e,
        type: 3}
      propertyPath: m_LocalPosition.x
      value: -3.51
      objectReference: {fileID: 0}
    - target: {fileID: -4216859302048453862, guid: 45236449638453c4cbb7ec6e7433e83e,
        type: 3}
      propertyPath: m_LocalPosition.y
      value: -5.53
      objectReference: {fileID: 0}
    - target: {fileID: -4216859302048453862, guid: 45236449638453c4cbb7ec6e7433e83e,
        type: 3}
      propertyPath: m_LocalPosition.z
      value: 1.43
      objectReference: {fileID: 0}
    - target: {fileID: -4216859302048453862, guid: 45236449638453c4cbb7ec6e7433e83e,
        type: 3}
      propertyPath: m_LocalRotation.x
      value: -0
      objectReference: {fileID: 0}
    - target: {fileID: -4216859302048453862, guid: 45236449638453c4cbb7ec6e7433e83e,
        type: 3}
      propertyPath: m_LocalRotation.y
      value: 0.7071068
      objectReference: {fileID: 0}
    - target: {fileID: -4216859302048453862, guid: 45236449638453c4cbb7ec6e7433e83e,
        type: 3}
      propertyPath: m_LocalRotation.z
      value: 0.7071068
      objectReference: {fileID: 0}
    - target: {fileID: -4216859302048453862, guid: 45236449638453c4cbb7ec6e7433e83e,
        type: 3}
      propertyPath: m_LocalRotation.w
      value: 0
      objectReference: {fileID: 0}
    - target: {fileID: -4216859302048453862, guid: 45236449638453c4cbb7ec6e7433e83e,
        type: 3}
      propertyPath: m_RootOrder
      value: 0
      objectReference: {fileID: 0}
    - target: {fileID: -4216859302048453862, guid: 45236449638453c4cbb7ec6e7433e83e,
        type: 3}
      propertyPath: m_LocalEulerAnglesHint.x
      value: -90.00001
      objectReference: {fileID: 0}
    - target: {fileID: -4216859302048453862, guid: 45236449638453c4cbb7ec6e7433e83e,
        type: 3}
      propertyPath: m_LocalEulerAnglesHint.y
      value: 0
      objectReference: {fileID: 0}
    - target: {fileID: -4216859302048453862, guid: 45236449638453c4cbb7ec6e7433e83e,
        type: 3}
      propertyPath: m_LocalEulerAnglesHint.z
      value: 180
      objectReference: {fileID: 0}
    - target: {fileID: -4216859302048453862, guid: 45236449638453c4cbb7ec6e7433e83e,
        type: 3}
      propertyPath: m_LocalScale.x
      value: 100.00009
      objectReference: {fileID: 0}
    - target: {fileID: -4216859302048453862, guid: 45236449638453c4cbb7ec6e7433e83e,
        type: 3}
      propertyPath: m_LocalScale.y
      value: 100.00006
      objectReference: {fileID: 0}
    - target: {fileID: -4216859302048453862, guid: 45236449638453c4cbb7ec6e7433e83e,
        type: 3}
      propertyPath: m_LocalScale.z
      value: 100.00006
      objectReference: {fileID: 0}
    - target: {fileID: -1504981713932161579, guid: 45236449638453c4cbb7ec6e7433e83e,
        type: 3}
      propertyPath: m_Materials.Array.data[0]
      value: 
      objectReference: {fileID: 2100000, guid: d4d899b18ddafd4438f0893e4d8e40a4, type: 2}
    m_RemovedComponents: []
  m_SourcePrefab: {fileID: 100100000, guid: 45236449638453c4cbb7ec6e7433e83e, type: 3}
--- !u!4 &966573060 stripped
Transform:
  m_CorrespondingSourceObject: {fileID: -4216859302048453862, guid: 45236449638453c4cbb7ec6e7433e83e,
    type: 3}
  m_PrefabInstance: {fileID: 966573059}
  m_PrefabAsset: {fileID: 0}
--- !u!1001 &1049973342
PrefabInstance:
  m_ObjectHideFlags: 0
  serializedVersion: 2
  m_Modification:
    m_TransformParent: {fileID: 280684196}
    m_Modifications:
    - target: {fileID: -927199367670048503, guid: d1273f78aa58b2e48bdd75d7c88f6eb1,
        type: 3}
      propertyPath: m_Name
      value: tree (7)
      objectReference: {fileID: 0}
    - target: {fileID: -4216859302048453862, guid: d1273f78aa58b2e48bdd75d7c88f6eb1,
        type: 3}
      propertyPath: m_LocalPosition.x
      value: 9.1
      objectReference: {fileID: 0}
    - target: {fileID: -4216859302048453862, guid: d1273f78aa58b2e48bdd75d7c88f6eb1,
        type: 3}
      propertyPath: m_LocalPosition.y
      value: 4.54
      objectReference: {fileID: 0}
    - target: {fileID: -4216859302048453862, guid: d1273f78aa58b2e48bdd75d7c88f6eb1,
        type: 3}
      propertyPath: m_LocalPosition.z
      value: 17.03239
      objectReference: {fileID: 0}
    - target: {fileID: -4216859302048453862, guid: d1273f78aa58b2e48bdd75d7c88f6eb1,
        type: 3}
      propertyPath: m_LocalRotation.x
      value: -0.707018
      objectReference: {fileID: 0}
    - target: {fileID: -4216859302048453862, guid: d1273f78aa58b2e48bdd75d7c88f6eb1,
        type: 3}
      propertyPath: m_LocalRotation.y
      value: -0.0112060495
      objectReference: {fileID: 0}
    - target: {fileID: -4216859302048453862, guid: d1273f78aa58b2e48bdd75d7c88f6eb1,
        type: 3}
      propertyPath: m_LocalRotation.z
      value: 0.011206029
      objectReference: {fileID: 0}
    - target: {fileID: -4216859302048453862, guid: d1273f78aa58b2e48bdd75d7c88f6eb1,
        type: 3}
      propertyPath: m_LocalRotation.w
      value: 0.707018
      objectReference: {fileID: 0}
    - target: {fileID: -4216859302048453862, guid: d1273f78aa58b2e48bdd75d7c88f6eb1,
        type: 3}
      propertyPath: m_RootOrder
      value: 13
      objectReference: {fileID: 0}
    - target: {fileID: -4216859302048453862, guid: d1273f78aa58b2e48bdd75d7c88f6eb1,
        type: 3}
      propertyPath: m_LocalEulerAnglesHint.x
      value: -88.184006
      objectReference: {fileID: 0}
    - target: {fileID: -4216859302048453862, guid: d1273f78aa58b2e48bdd75d7c88f6eb1,
        type: 3}
      propertyPath: m_LocalEulerAnglesHint.y
      value: -90.00001
      objectReference: {fileID: 0}
    - target: {fileID: -4216859302048453862, guid: d1273f78aa58b2e48bdd75d7c88f6eb1,
        type: 3}
      propertyPath: m_LocalEulerAnglesHint.z
      value: 90.00001
      objectReference: {fileID: 0}
    - target: {fileID: -4216859302048453862, guid: d1273f78aa58b2e48bdd75d7c88f6eb1,
        type: 3}
      propertyPath: m_LocalScale.x
      value: 146.19002
      objectReference: {fileID: 0}
    - target: {fileID: -4216859302048453862, guid: d1273f78aa58b2e48bdd75d7c88f6eb1,
        type: 3}
      propertyPath: m_LocalScale.y
      value: 146.1901
      objectReference: {fileID: 0}
    - target: {fileID: -4216859302048453862, guid: d1273f78aa58b2e48bdd75d7c88f6eb1,
        type: 3}
      propertyPath: m_LocalScale.z
      value: 146.19006
      objectReference: {fileID: 0}
    - target: {fileID: -1504981713932161579, guid: d1273f78aa58b2e48bdd75d7c88f6eb1,
        type: 3}
      propertyPath: m_Materials.Array.data[0]
      value: 
      objectReference: {fileID: 2100000, guid: 97390e55e22006045905a6efa8c80e72, type: 2}
    m_RemovedComponents: []
  m_SourcePrefab: {fileID: 100100000, guid: d1273f78aa58b2e48bdd75d7c88f6eb1, type: 3}
--- !u!1 &1290819672
GameObject:
  m_ObjectHideFlags: 0
  m_CorrespondingSourceObject: {fileID: 0}
  m_PrefabInstance: {fileID: 0}
  m_PrefabAsset: {fileID: 0}
  serializedVersion: 6
  m_Component:
  - component: {fileID: 1290819674}
  - component: {fileID: 1290819673}
  m_Layer: 0
  m_Name: RotationMatcher
  m_TagString: Untagged
  m_Icon: {fileID: 0}
  m_NavMeshLayer: 0
  m_StaticEditorFlags: 0
  m_IsActive: 1
--- !u!114 &1290819673
MonoBehaviour:
  m_ObjectHideFlags: 0
  m_CorrespondingSourceObject: {fileID: 0}
  m_PrefabInstance: {fileID: 0}
  m_PrefabAsset: {fileID: 0}
  m_GameObject: {fileID: 1290819672}
  m_Enabled: 1
  m_EditorHideFlags: 0
  m_Script: {fileID: 11500000, guid: 2473de429d55f45a3b8c7d55f0fdc6bc, type: 3}
  m_Name: 
  m_EditorClassIdentifier: 
  _rotationSource: 1
  _updateInterval: 0
--- !u!4 &1290819674
Transform:
  m_ObjectHideFlags: 0
  m_CorrespondingSourceObject: {fileID: 0}
  m_PrefabInstance: {fileID: 0}
  m_PrefabAsset: {fileID: 0}
  m_GameObject: {fileID: 1290819672}
  m_LocalRotation: {x: 0, y: 0, z: 0, w: 1}
  m_LocalPosition: {x: 0, y: 0, z: 0}
  m_LocalScale: {x: 1, y: 1, z: 1}
  m_Children: []
  m_Father: {fileID: 179906522}
  m_RootOrder: 0
  m_LocalEulerAnglesHint: {x: 0, y: 0, z: 0}
--- !u!1 &1561135820
GameObject:
  m_ObjectHideFlags: 0
  m_CorrespondingSourceObject: {fileID: 0}
  m_PrefabInstance: {fileID: 0}
  m_PrefabAsset: {fileID: 0}
  serializedVersion: 6
  m_Component:
  - component: {fileID: 1561135821}
  - component: {fileID: 1561135823}
  - component: {fileID: 1561135822}
  m_Layer: 0
  m_Name: Character Controller Calibration
  m_TagString: Untagged
  m_Icon: {fileID: 0}
  m_NavMeshLayer: 0
  m_StaticEditorFlags: 0
  m_IsActive: 1
--- !u!4 &1561135821
Transform:
  m_ObjectHideFlags: 0
  m_CorrespondingSourceObject: {fileID: 0}
  m_PrefabInstance: {fileID: 0}
  m_PrefabAsset: {fileID: 0}
  m_GameObject: {fileID: 1561135820}
  m_LocalRotation: {x: 0, y: 0, z: 0, w: 1}
  m_LocalPosition: {x: 0, y: 0, z: 0}
  m_LocalScale: {x: 1, y: 1, z: 1}
  m_Children: []
  m_Father: {fileID: 0}
  m_RootOrder: 5
  m_LocalEulerAnglesHint: {x: 0, y: 0, z: 0}
--- !u!114 &1561135822
MonoBehaviour:
  m_ObjectHideFlags: 0
  m_CorrespondingSourceObject: {fileID: 0}
  m_PrefabInstance: {fileID: 0}
  m_PrefabAsset: {fileID: 0}
  m_GameObject: {fileID: 1561135820}
  m_Enabled: 1
  m_EditorHideFlags: 0
  m_Script: {fileID: 11500000, guid: eb32f773e3464aeaadabacb54b2baa85, type: 3}
  m_Name: 
  m_EditorClassIdentifier: 
  _wearableDeviceConfig:
    accelerometer:
      isEnabled: 0
    gyroscope:
      isEnabled: 1
    rotationNineDof:
      isEnabled: 0
    rotationSixDof:
      isEnabled: 1
    doubleTapGesture:
      isEnabled: 0
    headNodGesture:
      isEnabled: 0
    headShakeGesture:
      isEnabled: 0
    touchAndHoldGesture:
      isEnabled: 0
    inputGesture:
      isEnabled: 0
    affirmativeGesture:
      isEnabled: 0
    negativeGesture:
      isEnabled: 0
    updateInterval: 3
--- !u!114 &1561135823
MonoBehaviour:
  m_ObjectHideFlags: 0
  m_CorrespondingSourceObject: {fileID: 0}
  m_PrefabInstance: {fileID: 0}
  m_PrefabAsset: {fileID: 0}
  m_GameObject: {fileID: 1561135820}
  m_Enabled: 1
  m_EditorHideFlags: 0
  m_Script: {fileID: 11500000, guid: 57db2a8ee48cca744bfa83f9b0e83af8, type: 3}
  m_Name: 
  m_EditorClassIdentifier: 
  _widgetRotationMatcher: {fileID: 1290819673}
  _minCalibrationTime: 5
  _maxCalibrationTime: 10
  _calibrationMotionThreshold: 1
--- !u!1001 &1620505688
PrefabInstance:
  m_ObjectHideFlags: 0
  serializedVersion: 2
  m_Modification:
    m_TransformParent: {fileID: 280684196}
    m_Modifications:
    - target: {fileID: -927199367670048503, guid: d1273f78aa58b2e48bdd75d7c88f6eb1,
        type: 3}
      propertyPath: m_Name
      value: tree (6)
      objectReference: {fileID: 0}
    - target: {fileID: -4216859302048453862, guid: d1273f78aa58b2e48bdd75d7c88f6eb1,
        type: 3}
      propertyPath: m_LocalPosition.x
      value: 11.55
      objectReference: {fileID: 0}
    - target: {fileID: -4216859302048453862, guid: d1273f78aa58b2e48bdd75d7c88f6eb1,
        type: 3}
      propertyPath: m_LocalPosition.y
      value: 11.04
      objectReference: {fileID: 0}
    - target: {fileID: -4216859302048453862, guid: d1273f78aa58b2e48bdd75d7c88f6eb1,
        type: 3}
      propertyPath: m_LocalPosition.z
      value: -13.9
      objectReference: {fileID: 0}
    - target: {fileID: -4216859302048453862, guid: d1273f78aa58b2e48bdd75d7c88f6eb1,
        type: 3}
      propertyPath: m_LocalRotation.x
      value: -0.51587164
      objectReference: {fileID: 0}
    - target: {fileID: -4216859302048453862, guid: d1273f78aa58b2e48bdd75d7c88f6eb1,
        type: 3}
      propertyPath: m_LocalRotation.y
      value: -0.5193578
      objectReference: {fileID: 0}
    - target: {fileID: -4216859302048453862, guid: d1273f78aa58b2e48bdd75d7c88f6eb1,
        type: 3}
      propertyPath: m_LocalRotation.z
      value: -0.48357165
      objectReference: {fileID: 0}
    - target: {fileID: -4216859302048453862, guid: d1273f78aa58b2e48bdd75d7c88f6eb1,
        type: 3}
      propertyPath: m_LocalRotation.w
      value: 0.4798984
      objectReference: {fileID: 0}
    - target: {fileID: -4216859302048453862, guid: d1273f78aa58b2e48bdd75d7c88f6eb1,
        type: 3}
      propertyPath: m_RootOrder
      value: 12
      objectReference: {fileID: 0}
    - target: {fileID: -4216859302048453862, guid: d1273f78aa58b2e48bdd75d7c88f6eb1,
        type: 3}
      propertyPath: m_LocalEulerAnglesHint.x
      value: -85.888
      objectReference: {fileID: 0}
    - target: {fileID: -4216859302048453862, guid: d1273f78aa58b2e48bdd75d7c88f6eb1,
        type: 3}
      propertyPath: m_LocalEulerAnglesHint.y
      value: -180.355
      objectReference: {fileID: 0}
    - target: {fileID: -4216859302048453862, guid: d1273f78aa58b2e48bdd75d7c88f6eb1,
        type: 3}
      propertyPath: m_LocalEulerAnglesHint.z
      value: 89.94401
      objectReference: {fileID: 0}
    - target: {fileID: -4216859302048453862, guid: d1273f78aa58b2e48bdd75d7c88f6eb1,
        type: 3}
      propertyPath: m_LocalScale.x
      value: 146.19006
      objectReference: {fileID: 0}
    - target: {fileID: -4216859302048453862, guid: d1273f78aa58b2e48bdd75d7c88f6eb1,
        type: 3}
      propertyPath: m_LocalScale.y
      value: 146.19006
      objectReference: {fileID: 0}
    - target: {fileID: -4216859302048453862, guid: d1273f78aa58b2e48bdd75d7c88f6eb1,
        type: 3}
      propertyPath: m_LocalScale.z
      value: 146.19002
      objectReference: {fileID: 0}
    - target: {fileID: -1504981713932161579, guid: d1273f78aa58b2e48bdd75d7c88f6eb1,
        type: 3}
      propertyPath: m_Materials.Array.data[0]
      value: 
      objectReference: {fileID: 2100000, guid: 97390e55e22006045905a6efa8c80e72, type: 2}
    m_RemovedComponents: []
  m_SourcePrefab: {fileID: 100100000, guid: d1273f78aa58b2e48bdd75d7c88f6eb1, type: 3}
--- !u!1 &1640953957
GameObject:
  m_ObjectHideFlags: 0
  m_CorrespondingSourceObject: {fileID: 0}
  m_PrefabInstance: {fileID: 0}
  m_PrefabAsset: {fileID: 0}
  serializedVersion: 6
  m_Component:
  - component: {fileID: 1640953961}
  - component: {fileID: 1640953960}
  - component: {fileID: 1640953959}
  - component: {fileID: 1640953958}
  m_Layer: 0
  m_Name: Logo
  m_TagString: Untagged
  m_Icon: {fileID: 0}
  m_NavMeshLayer: 0
  m_StaticEditorFlags: 0
  m_IsActive: 1
--- !u!64 &1640953958
MeshCollider:
  m_ObjectHideFlags: 0
  m_CorrespondingSourceObject: {fileID: 0}
  m_PrefabInstance: {fileID: 0}
  m_PrefabAsset: {fileID: 0}
  m_GameObject: {fileID: 1640953957}
  m_Material: {fileID: 0}
  m_IsTrigger: 0
  m_Enabled: 0
  serializedVersion: 3
  m_Convex: 0
  m_CookingOptions: 14
  m_Mesh: {fileID: 10210, guid: 0000000000000000e000000000000000, type: 0}
--- !u!23 &1640953959
MeshRenderer:
  m_ObjectHideFlags: 0
  m_CorrespondingSourceObject: {fileID: 0}
  m_PrefabInstance: {fileID: 0}
  m_PrefabAsset: {fileID: 0}
  m_GameObject: {fileID: 1640953957}
  m_Enabled: 1
  m_CastShadows: 0
  m_ReceiveShadows: 0
  m_DynamicOccludee: 1
  m_MotionVectors: 1
  m_LightProbeUsage: 1
  m_ReflectionProbeUsage: 1
  m_RenderingLayerMask: 1
  m_RendererPriority: 0
  m_Materials:
  - {fileID: 2100000, guid: a0d3e8fa0abc9a14eba58b9a8e17e6c8, type: 2}
  m_StaticBatchInfo:
    firstSubMesh: 0
    subMeshCount: 0
  m_StaticBatchRoot: {fileID: 0}
  m_ProbeAnchor: {fileID: 0}
  m_LightProbeVolumeOverride: {fileID: 0}
  m_ScaleInLightmap: 1
  m_PreserveUVs: 0
  m_IgnoreNormalsForChartDetection: 0
  m_ImportantGI: 0
  m_StitchLightmapSeams: 1
  m_SelectedEditorRenderState: 3
  m_MinimumChartSize: 4
  m_AutoUVMaxDistance: 0.5
  m_AutoUVMaxAngle: 89
  m_LightmapParameters: {fileID: 0}
  m_SortingLayerID: 0
  m_SortingLayer: 0
  m_SortingOrder: 0
--- !u!33 &1640953960
MeshFilter:
  m_ObjectHideFlags: 0
  m_CorrespondingSourceObject: {fileID: 0}
  m_PrefabInstance: {fileID: 0}
  m_PrefabAsset: {fileID: 0}
  m_GameObject: {fileID: 1640953957}
  m_Mesh: {fileID: 10210, guid: 0000000000000000e000000000000000, type: 0}
--- !u!4 &1640953961
Transform:
  m_ObjectHideFlags: 0
  m_CorrespondingSourceObject: {fileID: 0}
  m_PrefabInstance: {fileID: 0}
  m_PrefabAsset: {fileID: 0}
  m_GameObject: {fileID: 1640953957}
  m_LocalRotation: {x: -0.009930782, y: 0.27284956, z: 0.084525935, w: -0.9582849}
  m_LocalPosition: {x: -0.46828818, y: 0.66383713, z: 3.096356}
  m_LocalScale: {x: 3.2099104, y: 3.2099104, z: 3.2099109}
  m_Children: []
  m_Father: {fileID: 0}
  m_RootOrder: 4
  m_LocalEulerAnglesHint: {x: -3.2250001, y: 25.353, z: 3.693}
--- !u!1 &1744337500
GameObject:
  m_ObjectHideFlags: 0
  m_CorrespondingSourceObject: {fileID: 0}
  m_PrefabInstance: {fileID: 0}
  m_PrefabAsset: {fileID: 0}
  serializedVersion: 6
  m_Component:
  - component: {fileID: 1744337502}
  - component: {fileID: 1744337501}
  m_Layer: 0
  m_Name: ReturnToMainMenu
  m_TagString: Untagged
  m_Icon: {fileID: 0}
  m_NavMeshLayer: 0
  m_StaticEditorFlags: 0
  m_IsActive: 1
--- !u!114 &1744337501
MonoBehaviour:
  m_ObjectHideFlags: 0
  m_CorrespondingSourceObject: {fileID: 0}
  m_PrefabInstance: {fileID: 0}
  m_PrefabAsset: {fileID: 0}
  m_GameObject: {fileID: 1744337500}
  m_Enabled: 1
  m_EditorHideFlags: 0
  m_Script: {fileID: 11500000, guid: f481198590964fb289ce81fe7d618954, type: 3}
  m_Name: 
  m_EditorClassIdentifier: 
--- !u!4 &1744337502
Transform:
  m_ObjectHideFlags: 0
  m_CorrespondingSourceObject: {fileID: 0}
  m_PrefabInstance: {fileID: 0}
  m_PrefabAsset: {fileID: 0}
  m_GameObject: {fileID: 1744337500}
  m_LocalRotation: {x: 0, y: 0, z: 0, w: 1}
  m_LocalPosition: {x: 0, y: 0, z: 0}
  m_LocalScale: {x: 1, y: 1, z: 1}
  m_Children: []
  m_Father: {fileID: 0}
  m_RootOrder: 2
  m_LocalEulerAnglesHint: {x: 0, y: 0, z: 0}
--- !u!1 &1804913235
GameObject:
  m_ObjectHideFlags: 0
  m_CorrespondingSourceObject: {fileID: 0}
  m_PrefabInstance: {fileID: 0}
  m_PrefabAsset: {fileID: 0}
  serializedVersion: 6
  m_Component:
  - component: {fileID: 1804913236}
  - component: {fileID: 1804913237}
  m_Layer: 0
  m_Name: fill light
  m_TagString: Untagged
  m_Icon: {fileID: 0}
  m_NavMeshLayer: 0
  m_StaticEditorFlags: 0
  m_IsActive: 1
--- !u!4 &1804913236
Transform:
  m_ObjectHideFlags: 0
  m_CorrespondingSourceObject: {fileID: 0}
  m_PrefabInstance: {fileID: 0}
  m_PrefabAsset: {fileID: 0}
  m_GameObject: {fileID: 1804913235}
  m_LocalRotation: {x: 0.18964075, y: 0.82144356, z: -0.04573308, w: 0.5358875}
  m_LocalPosition: {x: 5.4935083, y: -4.2847776, z: -6.9581017}
  m_LocalScale: {x: 0.8857723, y: 0.88577205, z: 0.8857719}
  m_Children: []
  m_Father: {fileID: 1919712376}
  m_RootOrder: 1
  m_LocalEulerAnglesHint: {x: 57.324, y: 64.831, z: 73.248}
--- !u!108 &1804913237
Light:
  m_ObjectHideFlags: 0
  m_CorrespondingSourceObject: {fileID: 0}
  m_PrefabInstance: {fileID: 0}
  m_PrefabAsset: {fileID: 0}
  m_GameObject: {fileID: 1804913235}
  m_Enabled: 1
  serializedVersion: 9
  m_Type: 2
  m_Color: {r: 0.5647059, g: 0.7628846, b: 0.7921569, a: 1}
  m_Intensity: 1.09
  m_Range: 4.854008
  m_SpotAngle: 30
  m_InnerSpotAngle: 21.80208
  m_CookieSize: 10
  m_Shadows:
    m_Type: 2
    m_Resolution: -1
    m_CustomResolution: -1
    m_Strength: 0.414
    m_Bias: 0
    m_NormalBias: 0
    m_NearPlane: 0.1
    m_CullingMatrixOverride:
      e00: 1
      e01: 0
      e02: 0
      e03: 0
      e10: 0
      e11: 1
      e12: 0
      e13: 0
      e20: 0
      e21: 0
      e22: 1
      e23: 0
      e30: 0
      e31: 0
      e32: 0
      e33: 1
    m_UseCullingMatrixOverride: 0
  m_Cookie: {fileID: 0}
  m_DrawHalo: 0
  m_Flare: {fileID: 0}
  m_RenderMode: 0
  m_CullingMask:
    serializedVersion: 2
    m_Bits: 4294967295
  m_RenderingLayerMask: 1
  m_Lightmapping: 4
  m_LightShadowCasterMode: 0
  m_AreaSize: {x: 1, y: 1}
  m_BounceIntensity: 1
  m_ColorTemperature: 6570
  m_UseColorTemperature: 0
  m_BoundingSphereOverride: {x: 0, y: 0, z: 0, w: 0}
  m_UseBoundingSphereOverride: 0
  m_ShadowRadius: 0
  m_ShadowAngle: 0
--- !u!1 &1919712375
GameObject:
  m_ObjectHideFlags: 0
  m_CorrespondingSourceObject: {fileID: 0}
  m_PrefabInstance: {fileID: 0}
  m_PrefabAsset: {fileID: 0}
  serializedVersion: 6
  m_Component:
  - component: {fileID: 1919712376}
  m_Layer: 0
  m_Name: Environment
  m_TagString: Untagged
  m_Icon: {fileID: 0}
  m_NavMeshLayer: 0
  m_StaticEditorFlags: 0
  m_IsActive: 1
--- !u!4 &1919712376
Transform:
  m_ObjectHideFlags: 0
  m_CorrespondingSourceObject: {fileID: 0}
  m_PrefabInstance: {fileID: 0}
  m_PrefabAsset: {fileID: 0}
  m_GameObject: {fileID: 1919712375}
  m_LocalRotation: {x: -0.020851381, y: 0.47819972, z: 0.11502472, w: -0.8704365}
  m_LocalPosition: {x: -6.225627, y: 5.5787106, z: 1.7807121}
  m_LocalScale: {x: 1, y: 1, z: 1}
  m_Children:
  - {fileID: 966573060}
  - {fileID: 1804913236}
  - {fileID: 438047843}
  - {fileID: 816701513}
  - {fileID: 2044387338}
  - {fileID: 2005196354}
  - {fileID: 280684196}
  - {fileID: 764752372}
  m_Father: {fileID: 0}
  m_RootOrder: 9
  m_LocalEulerAnglesHint: {x: 0, y: 0, z: 0}
--- !u!4 &1953367359 stripped
Transform:
  m_CorrespondingSourceObject: {fileID: 7364306165269968779, guid: 0ca9014988619664f91c62c9e373c2a3,
    type: 3}
  m_PrefabInstance: {fileID: 1993612581}
  m_PrefabAsset: {fileID: 0}
--- !u!1 &1964424062
GameObject:
  m_ObjectHideFlags: 0
  m_CorrespondingSourceObject: {fileID: 0}
  m_PrefabInstance: {fileID: 0}
  m_PrefabAsset: {fileID: 0}
  serializedVersion: 6
  m_Component:
  - component: {fileID: 1964424063}
  - component: {fileID: 1964424064}
  m_Layer: 0
  m_Name: Otter_sense (1)
  m_TagString: Untagged
  m_Icon: {fileID: 0}
  m_NavMeshLayer: 0
  m_StaticEditorFlags: 0
  m_IsActive: 1
--- !u!4 &1964424063
Transform:
  m_ObjectHideFlags: 0
  m_CorrespondingSourceObject: {fileID: 0}
  m_PrefabInstance: {fileID: 0}
  m_PrefabAsset: {fileID: 0}
  m_GameObject: {fileID: 1964424062}
  m_LocalRotation: {x: 0, y: 0, z: 0.7071068, w: 0.7071068}
  m_LocalPosition: {x: 2, y: 0.5, z: 0}
  m_LocalScale: {x: 1, y: -1, z: 1}
  m_Children: []
  m_Father: {fileID: 856124894}
  m_RootOrder: 1
  m_LocalEulerAnglesHint: {x: 0, y: 0, z: 90}
--- !u!212 &1964424064
SpriteRenderer:
  m_ObjectHideFlags: 0
  m_CorrespondingSourceObject: {fileID: 0}
  m_PrefabInstance: {fileID: 0}
  m_PrefabAsset: {fileID: 0}
  m_GameObject: {fileID: 1964424062}
  m_Enabled: 1
  m_CastShadows: 0
  m_ReceiveShadows: 0
  m_DynamicOccludee: 1
  m_MotionVectors: 1
  m_LightProbeUsage: 1
  m_ReflectionProbeUsage: 1
  m_RenderingLayerMask: 1
  m_RendererPriority: 0
  m_Materials:
  - {fileID: 10754, guid: 0000000000000000f000000000000000, type: 0}
  m_StaticBatchInfo:
    firstSubMesh: 0
    subMeshCount: 0
  m_StaticBatchRoot: {fileID: 0}
  m_ProbeAnchor: {fileID: 0}
  m_LightProbeVolumeOverride: {fileID: 0}
  m_ScaleInLightmap: 1
  m_PreserveUVs: 0
  m_IgnoreNormalsForChartDetection: 0
  m_ImportantGI: 0
  m_StitchLightmapSeams: 1
  m_SelectedEditorRenderState: 0
  m_MinimumChartSize: 4
  m_AutoUVMaxDistance: 0.5
  m_AutoUVMaxAngle: 89
  m_LightmapParameters: {fileID: 0}
  m_SortingLayerID: 0
  m_SortingLayer: 0
  m_SortingOrder: 0
  m_Sprite: {fileID: 21300000, guid: b2014bc1987092b43bbf5438581b3643, type: 3}
  m_Color: {r: 1, g: 1, b: 1, a: 0.3137255}
  m_FlipX: 0
  m_FlipY: 0
  m_DrawMode: 0
  m_Size: {x: 3.5, y: 2.73}
  m_AdaptiveModeThreshold: 0.5
  m_SpriteTileMode: 0
  m_WasSpriteAssigned: 1
  m_MaskInteraction: 0
  m_SpriteSortPoint: 0
--- !u!1 &1972956653 stripped
GameObject:
  m_CorrespondingSourceObject: {fileID: -927199367670048503, guid: 45236449638453c4cbb7ec6e7433e83e,
    type: 3}
  m_PrefabInstance: {fileID: 816701512}
  m_PrefabAsset: {fileID: 0}
--- !u!82 &1972956656
AudioSource:
  m_ObjectHideFlags: 0
  m_CorrespondingSourceObject: {fileID: 0}
  m_PrefabInstance: {fileID: 0}
  m_PrefabAsset: {fileID: 0}
  m_GameObject: {fileID: 1972956653}
  m_Enabled: 1
  serializedVersion: 4
  OutputAudioMixerGroup: {fileID: 0}
  m_audioClip: {fileID: 0}
  m_PlayOnAwake: 1
  m_Volume: 1
  m_Pitch: 1
  Loop: 0
  Mute: 0
  Spatialize: 0
  SpatializePostEffects: 0
  Priority: 128
  DopplerLevel: 1
  MinDistance: 1
  MaxDistance: 500
  Pan2D: 0
  rolloffMode: 0
  BypassEffects: 0
  BypassListenerEffects: 0
  BypassReverbZones: 0
  rolloffCustomCurve:
    serializedVersion: 2
    m_Curve:
    - serializedVersion: 3
      time: 0
      value: 1
      inSlope: 0
      outSlope: 0
      tangentMode: 0
      weightedMode: 0
      inWeight: 0.33333334
      outWeight: 0.33333334
    - serializedVersion: 3
      time: 1
      value: 0
      inSlope: 0
      outSlope: 0
      tangentMode: 0
      weightedMode: 0
      inWeight: 0.33333334
      outWeight: 0.33333334
    m_PreInfinity: 2
    m_PostInfinity: 2
    m_RotationOrder: 4
  panLevelCustomCurve:
    serializedVersion: 2
    m_Curve:
    - serializedVersion: 3
      time: 0
      value: 0
      inSlope: 0
      outSlope: 0
      tangentMode: 0
      weightedMode: 0
      inWeight: 0.33333334
      outWeight: 0.33333334
    m_PreInfinity: 2
    m_PostInfinity: 2
    m_RotationOrder: 4
  spreadCustomCurve:
    serializedVersion: 2
    m_Curve:
    - serializedVersion: 3
      time: 0
      value: 0
      inSlope: 0
      outSlope: 0
      tangentMode: 0
      weightedMode: 0
      inWeight: 0.33333334
      outWeight: 0.33333334
    m_PreInfinity: 2
    m_PostInfinity: 2
    m_RotationOrder: 4
  reverbZoneMixCustomCurve:
    serializedVersion: 2
    m_Curve:
    - serializedVersion: 3
      time: 0
      value: 1
      inSlope: 0
      outSlope: 0
      tangentMode: 0
      weightedMode: 0
      inWeight: 0.33333334
      outWeight: 0.33333334
    m_PreInfinity: 2
    m_PostInfinity: 2
    m_RotationOrder: 4
--- !u!1001 &1993612581
PrefabInstance:
  m_ObjectHideFlags: 0
  serializedVersion: 2
  m_Modification:
    m_TransformParent: {fileID: 0}
    m_Modifications:
    - target: {fileID: 4506114102827942961, guid: 0ca9014988619664f91c62c9e373c2a3,
        type: 3}
      propertyPath: m_Name
      value: DJ_OtterTune
      objectReference: {fileID: 0}
    - target: {fileID: 548439353153733134, guid: 0ca9014988619664f91c62c9e373c2a3,
        type: 3}
      propertyPath: m_IsActive
      value: 0
      objectReference: {fileID: 0}
    - target: {fileID: 636053449840457250, guid: 0ca9014988619664f91c62c9e373c2a3,
        type: 3}
      propertyPath: m_LocalPosition.x
      value: 2.097199
      objectReference: {fileID: 0}
    - target: {fileID: 636053449840457250, guid: 0ca9014988619664f91c62c9e373c2a3,
        type: 3}
      propertyPath: m_LocalPosition.y
      value: -1.4702277
      objectReference: {fileID: 0}
    - target: {fileID: 636053449840457250, guid: 0ca9014988619664f91c62c9e373c2a3,
        type: 3}
      propertyPath: m_LocalPosition.z
      value: 4.4167013
      objectReference: {fileID: 0}
    - target: {fileID: 636053449840457250, guid: 0ca9014988619664f91c62c9e373c2a3,
        type: 3}
      propertyPath: m_LocalRotation.x
      value: 0.09760605
      objectReference: {fileID: 0}
    - target: {fileID: 636053449840457250, guid: 0ca9014988619664f91c62c9e373c2a3,
        type: 3}
      propertyPath: m_LocalRotation.y
      value: 0.9597115
      objectReference: {fileID: 0}
    - target: {fileID: 636053449840457250, guid: 0ca9014988619664f91c62c9e373c2a3,
        type: 3}
      propertyPath: m_LocalRotation.z
      value: 0.036522873
      objectReference: {fileID: 0}
    - target: {fileID: 636053449840457250, guid: 0ca9014988619664f91c62c9e373c2a3,
        type: 3}
      propertyPath: m_LocalRotation.w
      value: -0.26094654
      objectReference: {fileID: 0}
    - target: {fileID: 636053449840457250, guid: 0ca9014988619664f91c62c9e373c2a3,
        type: 3}
      propertyPath: m_RootOrder
      value: 3
      objectReference: {fileID: 0}
    - target: {fileID: 636053449840457250, guid: 0ca9014988619664f91c62c9e373c2a3,
        type: 3}
      propertyPath: m_LocalEulerAnglesHint.x
      value: 5.583
      objectReference: {fileID: 0}
    - target: {fileID: 636053449840457250, guid: 0ca9014988619664f91c62c9e373c2a3,
        type: 3}
      propertyPath: m_LocalEulerAnglesHint.y
      value: -92.547005
      objectReference: {fileID: 0}
    - target: {fileID: 636053449840457250, guid: 0ca9014988619664f91c62c9e373c2a3,
        type: 3}
      propertyPath: m_LocalEulerAnglesHint.z
      value: 4.94
      objectReference: {fileID: 0}
    - target: {fileID: 636053449840457250, guid: 0ca9014988619664f91c62c9e373c2a3,
        type: 3}
      propertyPath: m_LocalScale.x
      value: -0.8857725
      objectReference: {fileID: 0}
    - target: {fileID: 636053449840457250, guid: 0ca9014988619664f91c62c9e373c2a3,
        type: 3}
      propertyPath: m_LocalScale.y
      value: 0.885772
      objectReference: {fileID: 0}
    - target: {fileID: 636053449840457250, guid: 0ca9014988619664f91c62c9e373c2a3,
        type: 3}
      propertyPath: m_LocalScale.z
      value: 0.885773
      objectReference: {fileID: 0}
    - target: {fileID: 6849294916913350298, guid: 0ca9014988619664f91c62c9e373c2a3,
        type: 3}
      propertyPath: m_LocalRotation.w
      value: 1
      objectReference: {fileID: 0}
    - target: {fileID: 8229096240895600655, guid: 0ca9014988619664f91c62c9e373c2a3,
        type: 3}
      propertyPath: m_LocalRotation.w
      value: 1
      objectReference: {fileID: 0}
    m_RemovedComponents: []
  m_SourcePrefab: {fileID: 100100000, guid: 0ca9014988619664f91c62c9e373c2a3, type: 3}
--- !u!4 &1993612582 stripped
Transform:
  m_CorrespondingSourceObject: {fileID: 4755232073755519332, guid: 0ca9014988619664f91c62c9e373c2a3,
    type: 3}
  m_PrefabInstance: {fileID: 1993612581}
  m_PrefabAsset: {fileID: 0}
--- !u!4 &1993612583 stripped
Transform:
  m_CorrespondingSourceObject: {fileID: 6849294916913350298, guid: 0ca9014988619664f91c62c9e373c2a3,
    type: 3}
  m_PrefabInstance: {fileID: 1993612581}
  m_PrefabAsset: {fileID: 0}
--- !u!1 &2005196353
GameObject:
  m_ObjectHideFlags: 0
  m_CorrespondingSourceObject: {fileID: 0}
  m_PrefabInstance: {fileID: 0}
  m_PrefabAsset: {fileID: 0}
  serializedVersion: 6
  m_Component:
  - component: {fileID: 2005196354}
  - component: {fileID: 2005196357}
  - component: {fileID: 2005196356}
  - component: {fileID: 2005196355}
  m_Layer: 0
  m_Name: white water
  m_TagString: Untagged
  m_Icon: {fileID: 0}
  m_NavMeshLayer: 0
  m_StaticEditorFlags: 0
  m_IsActive: 1
--- !u!4 &2005196354
Transform:
  m_ObjectHideFlags: 0
  m_CorrespondingSourceObject: {fileID: 0}
  m_PrefabInstance: {fileID: 0}
  m_PrefabAsset: {fileID: 0}
  m_GameObject: {fileID: 2005196353}
  m_LocalRotation: {x: -0, y: -0, z: -0, w: 1}
  m_LocalPosition: {x: 1.2273126, y: -5.056376, z: -0.21807766}
  m_LocalScale: {x: 2.1457, y: 1, z: 2.5093465}
  m_Children: []
  m_Father: {fileID: 1919712376}
  m_RootOrder: 5
  m_LocalEulerAnglesHint: {x: 0, y: 0, z: 0}
--- !u!64 &2005196355
MeshCollider:
  m_ObjectHideFlags: 0
  m_CorrespondingSourceObject: {fileID: 0}
  m_PrefabInstance: {fileID: 0}
  m_PrefabAsset: {fileID: 0}
  m_GameObject: {fileID: 2005196353}
  m_Material: {fileID: 0}
  m_IsTrigger: 0
  m_Enabled: 1
  serializedVersion: 3
  m_Convex: 0
  m_CookingOptions: 14
  m_Mesh: {fileID: 10209, guid: 0000000000000000e000000000000000, type: 0}
--- !u!23 &2005196356
MeshRenderer:
  m_ObjectHideFlags: 0
  m_CorrespondingSourceObject: {fileID: 0}
  m_PrefabInstance: {fileID: 0}
  m_PrefabAsset: {fileID: 0}
  m_GameObject: {fileID: 2005196353}
  m_Enabled: 1
  m_CastShadows: 1
  m_ReceiveShadows: 1
  m_DynamicOccludee: 1
  m_MotionVectors: 1
  m_LightProbeUsage: 1
  m_ReflectionProbeUsage: 1
  m_RenderingLayerMask: 1
  m_RendererPriority: 0
  m_Materials:
  - {fileID: 2100000, guid: 3979405e113d48e43b3cef8839011fb5, type: 2}
  m_StaticBatchInfo:
    firstSubMesh: 0
    subMeshCount: 0
  m_StaticBatchRoot: {fileID: 0}
  m_ProbeAnchor: {fileID: 0}
  m_LightProbeVolumeOverride: {fileID: 0}
  m_ScaleInLightmap: 1
  m_PreserveUVs: 0
  m_IgnoreNormalsForChartDetection: 0
  m_ImportantGI: 0
  m_StitchLightmapSeams: 1
  m_SelectedEditorRenderState: 3
  m_MinimumChartSize: 4
  m_AutoUVMaxDistance: 0.5
  m_AutoUVMaxAngle: 89
  m_LightmapParameters: {fileID: 0}
  m_SortingLayerID: 0
  m_SortingLayer: 0
  m_SortingOrder: 0
--- !u!33 &2005196357
MeshFilter:
  m_ObjectHideFlags: 0
  m_CorrespondingSourceObject: {fileID: 0}
  m_PrefabInstance: {fileID: 0}
  m_PrefabAsset: {fileID: 0}
  m_GameObject: {fileID: 2005196353}
  m_Mesh: {fileID: 10209, guid: 0000000000000000e000000000000000, type: 0}
--- !u!1 &2044387337
GameObject:
  m_ObjectHideFlags: 0
  m_CorrespondingSourceObject: {fileID: 0}
  m_PrefabInstance: {fileID: 0}
  m_PrefabAsset: {fileID: 0}
  serializedVersion: 6
  m_Component:
  - component: {fileID: 2044387338}
  - component: {fileID: 2044387341}
  - component: {fileID: 2044387340}
  - component: {fileID: 2044387339}
  m_Layer: 0
  m_Name: water
  m_TagString: Untagged
  m_Icon: {fileID: 0}
  m_NavMeshLayer: 0
  m_StaticEditorFlags: 0
  m_IsActive: 1
--- !u!4 &2044387338
Transform:
  m_ObjectHideFlags: 0
  m_CorrespondingSourceObject: {fileID: 0}
  m_PrefabInstance: {fileID: 0}
  m_PrefabAsset: {fileID: 0}
  m_GameObject: {fileID: 2044387337}
  m_LocalRotation: {x: -0, y: -0, z: -0, w: 1}
  m_LocalPosition: {x: 1.2273126, y: -5.3, z: -0.21807766}
  m_LocalScale: {x: 2.1457, y: 1, z: 2.5093465}
  m_Children: []
  m_Father: {fileID: 1919712376}
  m_RootOrder: 4
  m_LocalEulerAnglesHint: {x: 0, y: 0, z: 0}
--- !u!64 &2044387339
MeshCollider:
  m_ObjectHideFlags: 0
  m_CorrespondingSourceObject: {fileID: 0}
  m_PrefabInstance: {fileID: 0}
  m_PrefabAsset: {fileID: 0}
  m_GameObject: {fileID: 2044387337}
  m_Material: {fileID: 0}
  m_IsTrigger: 0
  m_Enabled: 1
  serializedVersion: 3
  m_Convex: 0
  m_CookingOptions: 14
  m_Mesh: {fileID: 10209, guid: 0000000000000000e000000000000000, type: 0}
--- !u!23 &2044387340
MeshRenderer:
  m_ObjectHideFlags: 0
  m_CorrespondingSourceObject: {fileID: 0}
  m_PrefabInstance: {fileID: 0}
  m_PrefabAsset: {fileID: 0}
  m_GameObject: {fileID: 2044387337}
  m_Enabled: 1
  m_CastShadows: 1
  m_ReceiveShadows: 1
  m_DynamicOccludee: 1
  m_MotionVectors: 1
  m_LightProbeUsage: 1
  m_ReflectionProbeUsage: 1
  m_RenderingLayerMask: 1
  m_RendererPriority: 0
  m_Materials:
  - {fileID: 2100000, guid: 636ad9ccb86da004ea43ccf4562d6eb5, type: 2}
  m_StaticBatchInfo:
    firstSubMesh: 0
    subMeshCount: 0
  m_StaticBatchRoot: {fileID: 0}
  m_ProbeAnchor: {fileID: 0}
  m_LightProbeVolumeOverride: {fileID: 0}
  m_ScaleInLightmap: 1
  m_PreserveUVs: 0
  m_IgnoreNormalsForChartDetection: 0
  m_ImportantGI: 0
  m_StitchLightmapSeams: 1
  m_SelectedEditorRenderState: 3
  m_MinimumChartSize: 4
  m_AutoUVMaxDistance: 0.5
  m_AutoUVMaxAngle: 89
  m_LightmapParameters: {fileID: 0}
  m_SortingLayerID: 0
  m_SortingLayer: 0
  m_SortingOrder: 0
--- !u!33 &2044387341
MeshFilter:
  m_ObjectHideFlags: 0
  m_CorrespondingSourceObject: {fileID: 0}
  m_PrefabInstance: {fileID: 0}
  m_PrefabAsset: {fileID: 0}
  m_GameObject: {fileID: 2044387337}
  m_Mesh: {fileID: 10209, guid: 0000000000000000e000000000000000, type: 0}
--- !u!1001 &7946655422017274799
PrefabInstance:
  m_ObjectHideFlags: 0
  serializedVersion: 2
  m_Modification:
    m_TransformParent: {fileID: 0}
    m_Modifications:
    - target: {fileID: 7946655421039638464, guid: 7a474c0ac0e75d24f9eb9753fa5e92d7,
        type: 3}
      propertyPath: m_Name
      value: Instructions Canvas
      objectReference: {fileID: 0}
    - target: {fileID: 7946655421039638490, guid: 7a474c0ac0e75d24f9eb9753fa5e92d7,
        type: 3}
      propertyPath: m_LocalPosition.x
      value: 0
      objectReference: {fileID: 0}
    - target: {fileID: 7946655421039638490, guid: 7a474c0ac0e75d24f9eb9753fa5e92d7,
        type: 3}
      propertyPath: m_LocalPosition.y
      value: 0
      objectReference: {fileID: 0}
    - target: {fileID: 7946655421039638490, guid: 7a474c0ac0e75d24f9eb9753fa5e92d7,
        type: 3}
      propertyPath: m_LocalPosition.z
      value: 0
      objectReference: {fileID: 0}
    - target: {fileID: 7946655421039638490, guid: 7a474c0ac0e75d24f9eb9753fa5e92d7,
        type: 3}
      propertyPath: m_LocalRotation.x
      value: 0
      objectReference: {fileID: 0}
    - target: {fileID: 7946655421039638490, guid: 7a474c0ac0e75d24f9eb9753fa5e92d7,
        type: 3}
      propertyPath: m_LocalRotation.y
      value: 0
      objectReference: {fileID: 0}
    - target: {fileID: 7946655421039638490, guid: 7a474c0ac0e75d24f9eb9753fa5e92d7,
        type: 3}
      propertyPath: m_LocalRotation.z
      value: 0
      objectReference: {fileID: 0}
    - target: {fileID: 7946655421039638490, guid: 7a474c0ac0e75d24f9eb9753fa5e92d7,
        type: 3}
      propertyPath: m_LocalRotation.w
      value: 1
      objectReference: {fileID: 0}
    - target: {fileID: 7946655421039638490, guid: 7a474c0ac0e75d24f9eb9753fa5e92d7,
        type: 3}
      propertyPath: m_RootOrder
      value: 10
      objectReference: {fileID: 0}
    - target: {fileID: 7946655421039638490, guid: 7a474c0ac0e75d24f9eb9753fa5e92d7,
        type: 3}
      propertyPath: m_LocalEulerAnglesHint.x
      value: 0
      objectReference: {fileID: 0}
    - target: {fileID: 7946655421039638490, guid: 7a474c0ac0e75d24f9eb9753fa5e92d7,
        type: 3}
      propertyPath: m_LocalEulerAnglesHint.y
      value: 0
      objectReference: {fileID: 0}
    - target: {fileID: 7946655421039638490, guid: 7a474c0ac0e75d24f9eb9753fa5e92d7,
        type: 3}
      propertyPath: m_LocalEulerAnglesHint.z
      value: 0
      objectReference: {fileID: 0}
    - target: {fileID: 7946655421039638490, guid: 7a474c0ac0e75d24f9eb9753fa5e92d7,
        type: 3}
      propertyPath: m_AnchoredPosition.x
      value: 0
      objectReference: {fileID: 0}
    - target: {fileID: 7946655421039638490, guid: 7a474c0ac0e75d24f9eb9753fa5e92d7,
        type: 3}
      propertyPath: m_AnchoredPosition.y
      value: 0
      objectReference: {fileID: 0}
    - target: {fileID: 7946655421039638490, guid: 7a474c0ac0e75d24f9eb9753fa5e92d7,
        type: 3}
      propertyPath: m_SizeDelta.x
      value: 0
      objectReference: {fileID: 0}
    - target: {fileID: 7946655421039638490, guid: 7a474c0ac0e75d24f9eb9753fa5e92d7,
        type: 3}
      propertyPath: m_SizeDelta.y
      value: 0
      objectReference: {fileID: 0}
    - target: {fileID: 7946655421039638490, guid: 7a474c0ac0e75d24f9eb9753fa5e92d7,
        type: 3}
      propertyPath: m_AnchorMin.x
      value: 0
      objectReference: {fileID: 0}
    - target: {fileID: 7946655421039638490, guid: 7a474c0ac0e75d24f9eb9753fa5e92d7,
        type: 3}
      propertyPath: m_AnchorMin.y
      value: 0
      objectReference: {fileID: 0}
    - target: {fileID: 7946655421039638490, guid: 7a474c0ac0e75d24f9eb9753fa5e92d7,
        type: 3}
      propertyPath: m_AnchorMax.x
      value: 0
      objectReference: {fileID: 0}
    - target: {fileID: 7946655421039638490, guid: 7a474c0ac0e75d24f9eb9753fa5e92d7,
        type: 3}
      propertyPath: m_AnchorMax.y
      value: 0
      objectReference: {fileID: 0}
    - target: {fileID: 7946655421039638490, guid: 7a474c0ac0e75d24f9eb9753fa5e92d7,
        type: 3}
      propertyPath: m_Pivot.x
      value: 0
      objectReference: {fileID: 0}
    - target: {fileID: 7946655421039638490, guid: 7a474c0ac0e75d24f9eb9753fa5e92d7,
        type: 3}
      propertyPath: m_Pivot.y
      value: 0
      objectReference: {fileID: 0}
    - target: {fileID: 7946655421039638491, guid: 7a474c0ac0e75d24f9eb9753fa5e92d7,
        type: 3}
      propertyPath: m_Camera
      value: 
      objectReference: {fileID: 961401284}
    - target: {fileID: 7946655421039638491, guid: 7a474c0ac0e75d24f9eb9753fa5e92d7,
        type: 3}
      propertyPath: m_AdditionalShaderChannelsFlag
      value: 25
      objectReference: {fileID: 0}
    - target: {fileID: 7946655421039638494, guid: 7a474c0ac0e75d24f9eb9753fa5e92d7,
        type: 3}
      propertyPath: audioSource
      value: 
      objectReference: {fileID: 1972956656}
    m_RemovedComponents: []
  m_SourcePrefab: {fileID: 100100000, guid: 7a474c0ac0e75d24f9eb9753fa5e92d7, type: 3}
